2586 4672
68 260 236 322 *372
334 239 383 332 f

168 441 221 526 μὲν
243 441 284 522 τῷ
305 439 350 505 ἑνί
368 435 443 521 μάνη
464 432 532 509 ίνάς
552 436 617 501 ἐστι
635 435 688 499 καί
714 432 735 518 ἦ
762 425 907 517 λεγομένη
931 454 1037 518 τριας,
1072 434 1105 496 έν
1131 429 1165 496 δὲ
1186 441 1236 504 τοῖς

105 576 109 586 ·
169 544 296 620 πολλοῖς
314 539 388 620 δυάς
407 545 472 608 ἐστι
497 545 549 608 καί
574 541 594 624 ἦ
621 538 721 624 τριάς·
747 536 872 623 δύναμις
898 535 974 624 γάρ·
1009 542 1043 605 έν
1065 537 1100 604 δὲ
1118 540 1161 622 τῶ
1179 536 1238 622 {mr

169 656 247 738 μένῳ
269 650 369 736 σαφής
388 677 436 727 τις
456 647 495 716 ίίν
516 650 564 734 εἴη
576 645 764 734 τῆςτριάδος
784 651 914 732 ἔμφασις
936 643 991 714 διά
1010 645 1048 712 τὸ
1068 648 1186 733 πρῶτον
1196 669 1239 710 πε·

169 761 323 826 πονθένιιι
342 758 378 823 τό
396 784 430 823 τε
450 763 482 822 ἓν
499 759 551 822 καί
570 780 609 821 τα
599 751 743 821 πολλά·
775 757 896 839 πρῶτος
917 753 952 820 δὲ
973 756 1028 821 καί
1043 753 1066 836 ἥ
1087 750 1170 836 τριάς
1188 751 1239 834 ὑρι

175 863 256 951 θμδς
276 872 309 932 ἓν
328 892 362 932 τε
381 891 433 932 και
425 864 524 943 δύο,
559 868 652 930 τοῦτο
675 861 744 930 δέέ
729 868 810 930 ἐστιν
834 864 989 948 ἡνωμένον
1013 888 1048 928 τε
1067 888 1119 929 και
1110 861 1241 944 πεπλη·

84 944 150 1050 ¹:51
171 977 278 1058 θυσμέ
278 999 344 1053 νον,
363 967 527 1056 μοναδικόν
547 997 579 1036 τε
600 997 650 1035 και
642 967 826 1036 δυαδικόν.

79 1088 158 1171 Cap.
254 1086 326 1147 Τῶν
345 1081 400 1164 μὲν
419 1076 458 1156 δέ
479 1077 623 1144 τοιούτων
643 1073 749 1153 άλις“
730 1088 805 1162 ημίν
824 1080 917 1142 έστω·
944 1071 1080 1143 πόσε
1042 1100 1099 1160 γαρ
1123 1071 1161 1140 ίίν
1178 1100 1242 1141 παν-

74 1181 366 1275 120·”σαίμεθα
325 1216 367 1272 τω
388 1184 479 1270 φύσει
499 1185 578 1270 λόγῳ
599 1184 822 1270 ἁμιλλώμενοι
818 1181 894 1270 πρὸς
913 1209 983 1269 την
978 1181 1152 1269 νόησιν
1110 1207 1241 1265 τωνιοη-
1281 1236 1284 1273 ,

169 1299 232 1364 τῶν
254 1297 447 1380 ὑμνουμένων
465 1290 596 1378 τριάδων
600 1322 613 1373 ,·
634 1297 682 1360 ἐπ’
701 1297 800 1359 ἐκεῖνα
820 1291 854 1372 δὲ
874 1295 1038 1377 τρέφωμεν
1050 1292 1107 1376 τίμ
1123 1291 1242 1358 δοάσσαι
1281 1334 1284 1377 3

170 1403 209 1471 τά
232 1402 403 1490 ζητήματα,
434 1395 492 1466 ’δσα
511 1398 565 1484 τὴν
585 1402 676 1484 φύσιν
697 1399 795 1486 αὐτὴν
814 1400 1068 1485 πολυπραγμονεῖ
1095 1403 1156 1466 τῶν
1175 1392 1242 1483 τροί-
1261 1418 1284 1473 ’,

171 1512 251 1591 δων,
275 1514 332 1594 τῆς
349 1512 513 1594 πατρικῆς,
546 1511 602 1594 τῆς
628 1506 814 1593 δυναμικῆς,
847 1510 900 1592 τῆς
925 1513 1034 1595 νοερᾶς
1061 1506 1241 1639 κριλουμένης
1270 1560 1284 1603 ¹.

160 1627 239 1709 Ἆρα
270 1617 339 1704 χὰρ,
374 1617 414 1691 ῶς
440 1616 460 1698 ἡ
487 1618 564 1700 μέση
591 1618 755 1700 προφανῶς
783 1614 1031 1695 ἐνδείκνυται,
1012 1642 1033 1700 η
1060 1616 1120 1700 μὲν
1140 1621 1243 1680 ἵσταται
1282 1614 1284 1667 3

171 1721 248 1792 κατά
268 1749 325 1811 την
345 1721 473 1806 δύναμιν
493 1749 545 1787 και
536 1722 770 1851 θεωρεῖται
751 1749 791 1798 ως
811 1719 887 1809 ἇρχὴ
908 1727 1018 1788 πασῶν
1038 1707 1240 1807 δυναμεωνςη

153 1834 245 1922 ,δὲ
226 1859 266 1909 ως
279 1825 493 1914 )1ν’παρξις(η
511 1829 662 1915 πατρική,
696 1823 734 1914 ἧς
754 1831 872 1916 λέγεται
893 1833 947 1896 καί
966 1857 987 1915 η
973 1829 1151 1916 δύναμις,
1181 1825 1242 1914 ηδὲ
1274 1856 1278 1861 ·

170 1936 262 2022 νοερά
289 1936 330 2012 ῶς
358 1939 489 2019 ἐνέργεια
510 1932 570 1999 ιἰπδ
596 1932 753 2018 δυνάμεως
773 1941 925 2022 προϊοῦσα
946 1941 999 2003 καί
1028 1928 1104 2006 οὑσα
1129 1940 1242 2020 ἐνέργεια

171 2049 228 2130 τῆς
247 2042 414 2126 ὑπάρξοωςς
448 2039 484 2108 δν
505 2041 561 2128 γάρ
582 2045 641 2128 ἔχει
658 2042 750 2129 λόγον
769 2045 790 2128 ἡ
817 2043 906 2112 οὑσίοι
925 2043 1017 2132 πρὸς·
1030 2045 1174 2130 δύναμιν,
1202 2044 1242 2108 καί

171 2155 191 2231 ἡ
213 2153 339 2235 δύναμις
359 2150 443 2235 πρὸς
456 2143 621 2236 ἐνέργειαν,
640 2155 752 2217 τοῦτον
773 2153 850 2238 ἔχειν
870 2150 1071 2229 εἴποιτιςίίν
1085 2151 1242 2240 τὴνπατρι·

68 2301 70 2305 -
171 2256 230 2347 κήν
252 2255 390 2346 ίδιίτητα
410 2256 487 2346 πρὸς
507 2256 564 2343 τὴν
585 2257 768 2343 δοναμικὴν,
789 2262 841 2324 καί
861 2257 917 2344 τὴν
930 2256 1102 2359 δοναμικίγν
1118 2254 1243 2348 πρδςιίγν

171 2368 291 2455 νοερὺν,
314 2371 367 2435 καί
386 2364 423 2444 ίίς
442 2367 692 2455 ηβοαλήθησαν
678 2367 768 2452 αρχοίς
781 2366 979 2444 ἐνδείξασθαι
991 2368 1033 2434 δι’
1043 2367 1152 2435 ἄλλων
1163 2365 1243 2443 ίίλλνι,
1282 2396 1284 2403 ’

169 2477 237 2542 οἷον
259 2501 289 2540 οι
278 2474 584 2558 εΠυθαγόρειοι
606 2473 660 2540 διά
676 2471 809 2558 μονάδος
827 2500 879 2538 και
870 2472 1006 2551 δυάδος
1023 2503 1079 2542 και
1070 2468 1244 2598 τριάδοςῇ

164 2583 190 2651 ,ὃ
209 2581 375 2648 Πλάτων
396 2580 448 2647 διά
470 2586 526 2649 τοῦ
537 2586 667 2712 πέρατρς
682 2582 732 2648 καί
749 2586 804 2646 τοὺ
818 2580 945 2666 ἀπείρου
962 2584 1084 2650 καὶτοῦ
1098 2585 1207 2671 μικτσὺ,
1223 2608 1240 2663 η

170 2687 316 2778 πρότερόν
332 2715 364 2775 γε
377 2690 457 2774 ὑμεῖς
470 2687 522 2755 διά
534 2695 588 2755 τοῦ
602 2689 668 2764 §ide
684 2693 735 2754 καί
746 2693 808 2755 τῶν
822 2689 952 2755 πολλῶν
950 2693 1007 2756 καί
1026 2696 1085 2758 τοῦ
1097 2691 1242 2785 ἡνωμένον,

172 2803 265 2865 τοῦτο
292 2803 321 2863 σί
347 2799 512 2883 χρησμοί
539 2799 601 2863 τῶν
618 2800 704 2863 θεῶν
720 2793 773 2862 διὰ
793 2800 848 2881 τῆς
868 2795 1022 2882 ὑπάρξεως
1036 2802 1092 2865 καί
1109 2800 1244 2884 δυνάμεως

172 2909 225 2971 καί
237 2909 391 2990 ἐνεργείας.
437 2900 502 2969 Τὸν
515 2903 570 2988 μέν
581 2894 636 2970 οὑν
646 2907 762 2989 πατέρα
776 2908 879 2988 σαφῶς
889 2899 1015 2992 ὑπαρξιν
1028 2905 1181 2994 ὑνομάζει,
1197 2903 1245 2989 την

171 3012 215 3078 δὲ’
226 3012 356 3096 δύναμιν
376 3009 446 3078 οὑδὲ
467 3009 548 3096 ἄλλῳ
562 3009 688 3098 ὀνόματι
701 3012 913 3100 παραδίδωσνν.
948 3019 989 3079 Εἰ
1003 3013 1038 3080 δὲ
1054 3015 1138 3100 ὃμὲν
1150 3010 1246 3097 Πατὴρ

171 3110 315 3204 ὑπαρξις,
336 3118 356 3202 ἡ
379 3116 413 3183 δὲ
434 3116 563 3204 δάναμις
583 3103 618 3184 τδ
637 3123 743 3204 μέσον,
764 3123 829 3196 πῶς
850 3119 917 3205 οὑχί
934 3120 1042 3187 καίτδ
1065 3127 1167 3210 τρίτον
1178 3125 1245 3205 ἐνέρ-

172 3225 238 3313 χειά
253 3251 290 3302 λτε
310 3223 348 3292 ίίν
369 3227 416 3309 είη
437 3227 489 3291 καί
508 3227 643 3312 λέγοντος
673 3229 739 3296 Καί
765 3225 802 3312 δὴ
833 3231 922 3293 τοῦτο
945 3226 1046 3322 ταὺτη
1071 3232 1186 3319 θεωρεί
1202 3229 1246 3293 καί

172 3330 556 3420 ὑμέγαςἸιίμβλιχος·
588 3331 667 3420 τάχα
692 3334 727 3400 δὲ
751 3337 803 3400 καί
832 3335 848 3398 ὁ
873 3326 944 3408 νοὺς
973 3333 1040 3402 ῶπδ
1059 3341 1121 3403 τοῦ
1139 3333 1244 3405 νοείνί

73 3443 76 3450 ’
171 3441 254 3506 ἐστίν
275 3434 335 3505 ίιπδ
355 3440 501 3522 ἐνεργείας
520 3436 729 3523 ὠνομασμένος
750 3434 790 3504 ι’ίν
817 3441 880 3523 εἴη,
918 3433 966 3504 ’ίτι
987 3442 1064 3507 ποτέ
1081 3441 1121 3508 δν
1148 3443 1246 3528 δηλοίη

172 3543 208 3613 τδ
230 3557 323 3626 νοεῖν,
355 3544 415 3609 εἴτε
431 3539 465 3608 τί
485 3543 669 3627 γιγνώσκειν,
703 3547 764 3611 εἴτε
784 3543 820 3611 τὸ
848 3550 1088 3633 ἐπιστρέφεσθαι
1109 3548 1185 3637 πρὸς
1202 3543 1246 3614 τδν

141 3710 144 3715 .
172 3656 305 3737 πατέρα,
328 3651 402 3724 ,εἴτε
422 3649 457 3725 τδ
479 3654 594 3717 ἐκείνου
616 3652 782 3738 ἆφίεσθαι’
814 3655 866 3718 καί
885 3651 962 3739 τάχα
984 3650 1022 3720 ι’ίν
1046 3653 1068 3733 ὑ
1081 3656 1136 3739 μὲν
1155 3651 1246 3741 πατήρ

104 3832 106 3836 ,
172 3759 300 3847 ὑπάρχει
319 3757 427 3844 μόνον,
459 3757 478 3842 ἡ
507 3756 541 3824 δέ
565 3757 694 3846 δύναμις
720 3756 797 3845 πρδς
812 3756 847 3824 τί
878 3759 1019 3848 ὑπάρχειν
1039 3766 1093 3829 καί
1115 3760 1247 3843 δονατδν,

170 3866 235 3934 ὅδὲ
255 3870 328 3944 νοῦς
347 3862 423 3951 πρὸς
444 3860 564 3978 τούτοις
583 3871 635 3935 καί
652 3863 711 3952 την
731 3872 879 3954 ἐνέργειαν
898 3866 1086 3956 προβάλοντο
1107 3868 1157 3938 άν.
1173 3871 1246 3940 Καί

202 4070 205 4074 ·
243 4050 270 4111 ι)
289 4042 366 4095 W.‘
351 4064 384 4104 ως
402 4042 519 4097 οαῑεὺπ.
541 4060 593 4096 om
611 4057 637 4098 et
656 4052 694 4108 σίς
712 4051 763 4117 λίγ.
781 4065 876 4118 φεογ
860 4048 891 4114 ίγς
913 4049 966 4102 dat.
991 4048 1065 4102 Mon.
1084 4062 1135 4103 σοι.
1159 4049 1245 4116 nante

53 4162 56 4170 Δ
171 4112 279 4182 δύναμις
296 4133 359 4184 προς
374 4117 408 4165 ἐν
428 4130 480 4166 om.
502 4113 616 4171 Inferius
635 4117 719 4170 Wolf.
738 4068 815 4184 ὑηλσί
832 4120 875 4170 καί
892 4118 980 4170 τὸν.
