2586 4672
149 197 199 289 5ο

146 403 167 489 ἢ
187 401 264 490 πρὸς
284 399 375 471 ἑαυτά
397 404 597 489 ἐπιστροφῆς,
618 410 663 477 τίς
683 400 721 468 ἀν
743 393 842 485 ἕνδειά
861 406 968 486 φανείη
990 405 1033 482 τῷ
1045 396 1144 481 πάντη
1161 397 1236 480 ἡνω-

134 516 244 596 μένη,
263 512 316 578 καὶ
334 506 466 595 μάλιστά
479 533 511 593 χε
531 535 551 592 η
565 514 620 573 τοῦ
636 517 768 595 χείρονος
789 509 889 585 ένδεια
907 508 957 592 ἀφ’
973 499 1013 593 ’ἧς
1027 510 1123 572 τανῦν
1138 499 1238 590 ὥρμη-

150 645 201 688 σεν
223 618 363 706 ὃλόχος.
397 613 447 684 διδ
469 618 520 682 καὶ
545 620 597 683 ἐπὶ
626 621 740 707 ταύτην
769 615 861 704 ἀρχὴν
890 613 1123 701 ἀσφαλεστάτην
1150 613 1242 700 ἀνέβη

150 727 412 814 Παρμενίδης
435 726 450 791 ὅ
470 727 580 812 μέγας,
604 726 644 802 ὡς
665 723 906 809 ἀνενδεεστάτην.
943 720 991 800 Ἢ
1004 716 1165 803 πάντωςῖ)
1187 722 1241 806 μέν

149 833 198 899 δεῖ
218 830 259 912 τδΙ
271 838 326 899 τοῦ
337 840 376 898 Π
380 832 399 896 λ
408 831 427 898 ἀ
436 861 452 897 τ
461 816 559 908 meo}
576 835 702 912 ε’ννοεῖν,
725 832 764 907 ὡς
776 827 818 898 τέ
834 833 985 918 ἡνωμένον
999 829 1056 895 οάιι
1070 834 1152 896 ἔστιν
1165 824 1240 894 aiud

94 1017 101 1035 ί
149 939 184 1007 τά
208 949 256 1023 ἓν,
277 940 360 1008 ἀλλά
375 940 411 1008 ed
429 937 589 1017 πεπονθὸς
610 943 721 1020 έκεῖνο,
743 943 794 1006 καὶ
815 940 912 1024 δῆλον
933 937 980 1006 ιάτι
998 940 1063 1024 μετ’
1084 944 1179 1005 έκεῖνο
1194 965 1241 1005 τε·

138 1044 286 1127 τέξεται.
309 1048 345 1114 οὗ
365 1051 477 1133 μέντοι,
498 1045 576 1114 ἀλλά
596 1049 650 1112 καὶ
669 1045 747 1113 κατά
765 1043 827 1114 τάν
842 1043 978 1131 παρόντα
992 1043 1103 1132 τρόπον
1116 1051 1177 1112 τῶν
1189 1044 1243 1112 λό-

151 1180 226 1238 χων,
246 1152 283 1220 τδ
302 1155 456 1240 ἡνωμένον
476 1151 661 1220 ἐνδείκνυται
682 1159 712 1220 έν
734 1159 834 1238 ἑαυτῷ
856 1159 934 1241 ἕχον,
961 1153 1046 1236 τότε
1064 1151 1243 1238 ένιζέμενον,

152 1270 195 1337 [εἰ
216 1266 267 1330 καὶ
286 1268 334 1330 ἐπ’
347 1259 474 1350 ἔσχατον
486 1265 515 1339 ³)
536 1264 583 1345 εἴη
601 1266 850 1348 ααταιτεπομένον
871 1261 906 1329 τὸ
925 1262 1093 1347 ένιζάμενον
1115 1261 1176 1329 ind
1189 1267 1245 1330 τοῦ

152 1373 315 1449 ένίζονεος·
336 1370 416 1458 ’ὅμως
438 1369 493 1459 χάρ
513 1372 662 1455 ἡνωμένον
684 1373 856 1456 ὑπόκειται)
879 1376 931 1438 καὶ
952 1369 1027 1436 αὐτὸ
1047 1371 1082 1438 τὸ
1097 1380 1146 1438 έν·
1169 1376 1200 1439 εἴ
1212 1399 1243 1456 χε

92 1538 96 1549 t
152 1485 186 1545 ἐκ
208 1469 360 1567 στοιχεέων
383 1477 417 1546 τά
439 1478 487 1560 δν,
514 1478 559 1554 ,ὡς
584 1477 670 1545 δοκεῖ
689 1478 786 1566 λέγειν
807 1476 842 1561 τά
863 1477 1007 1564 μικτὸν
1030 1480 1045 1544 ὁ
1065 1478 1242 1546 Πλάτων.

71 1608 89 1650 .’
152 1587 251 1653 δεῖται
264 1592 325 1652 τῶν
337 1591 446 1654 ἑαυτοῦ
457 1591 628 1670 στοιχείων,
651 1587 711 1652 εἴτε
724 1590 753 1663 t)
773 1588 908 1672 χαλάσας
927 1593 984 1674 τῆς
997 1592 1052 1653 τοῦ
1070 1586 1236 1664 ἕνδςάπλό·

152 1721 240 1782 τητος
261 1698 333 1781 έστη
352 1724 384 1762 τι
403 1691 481 1760 ιιατά
502 1691 539 1758 cd
560 1696 670 1778 μέτρον
689 1697 743 1761 τοῦ
764 1692 848 1775 iude,
878 1695 943 1763 οἷον
972 1691 1054 1782 nexu*
1075 1698 1127 1761 καὶ
1148 1694 1241 1780 ἀμφι-

152 1803 247 1888 λαφές
267 1801 575 1890 συμπροβαλλόμενον
604 1796 666 1887 άμα
688 1806 805 1888 έαυτηῖ,
830 1807 882 1870 καὶ
910 1802 949 1869 τά
968 1816 1101 1890 στοιχεῖα
1123 1801 1191 1870 οάτι
1212 1808 1245 1890 χέ

153 1940 232 1997 φημι
252 1911 477 1998 διακρινόμενα,
507 1906 586 1976 ἀλλά
611 1914 653 1995 τῷ
673 1915 784 1977 ἑαυτοῦ
809 1915 853 1978 ἑνὶ
878 1912 1020 1997 δεδεμένα
1040 1914 1092 1978 καὶ
1113 1915 1159 1978 έτι
1180 1913 1250 1997 οἷονἱ

153 2023 373 2105 συγκεχυμένα,
395 2023 541 2084 τοσοῦτον
557 2045 591 2104 χε
612 2020 842 2105 προβληθέντα,
864 2016 936 2089 ιόσον
956 2026 1070 2102 έκεῖνο,
1090 2026 1199 2109 μηκέτι
1210 2029 1242 2088 ἓν

996 2124 1002 2149 Ι
1094 2125 1169 2152 lt!

153 2128 241 2210 εἶναι,
262 2128 329 2194 ἀλλ’
350 2129 516 2211 ηνωμένον,
539 2127 629 2195 οὐσία
649 2126 711 2212 η’δη
735 2127 800 2193 ἀντὶ
821 2127 942 2205 ένάδος·
968 2129 1044 2196 sitem
1066 2155 1123 2214 χιιρ
1145 2156 1268 2206 οντες.

223 2338 252 2403 τ)
271 2334 347 2389 llllon.
366 2335 475 2387 πάντων.
507 2335 559 2388 Hic
578 2335 657 2388 locus
676 2333 739 2386 milti
762 2351 814 2387 non
835 2334 935 2405 liquet,
960 2335 1013 2386 nisi
1038 2333 1156 2408 legitur:
1179 2335 1241 2404 ἣτε.

151 2427 180 2474 μ.
193 2406 218 2462 δ.
231 2427 255 2457 τ.
269 2425 295 2457 τ.
305 2408 359 2458 Ill.
378 2404 404 2457 ἓν
423 2403 453 2455 ὃν
471 2408 519 2457 dau.
540 2405 574 2464 ὡς
590 2425 615 2456 τ.
631 2423 670 2470 ην.
691 2401 738 2455 οὐκ
756 2409 775 2457 l.
797 2402 848 2473 άρα
861 2421 921 2474 sqq.
944 2403 1041 2456 Levius
1060 2424 1092 2456 cx
1106 2400 1242 2459 Herennio

153 2476 288 2547 corrigas:
318 2473 337 2540 cf
354 2491 380 2527 τι.
399 2495 431 2543 μ.
449 2475 516 2526 ἐνδεῖ
532 2476 564 2526 τὸ
580 2496 605 2528 τ.
625 2476 680 2527 11l.
700 2473 727 2525 ἓν
748 2473 790 2538 ὃν,
813 2473 847 2532 ὡς
865 2481 931 2543 [pro
951 2473 1004 2535 ὅτι)
1026 2473 1059 2525 τὸ
1073 2473 1114 2540 ἣν.
1134 2493 1146 2527 a
1170 2493 1197 2558 q.
1221 2475 1243 2528 οἱ

153 2544 221 2596 nihil
241 2556 346 2609 mutas,
365 2543 503 2615 intellige:
525 2543 640 2596 Omnino
660 2559 723 2611 ¹cum
744 2543 858 2595 Platone
877 2543 1041 2596 censendum
1060 2556 1115 2610 est,
1135 2494 1244 2598 Unitum

152 2630 205 2666 nou
225 2630 281 2667 esse
300 2613 389 2683 ipsum
407 2630 506 2683 purum
525 2613 622 2666 Unum.
681 2624 682 2627 ’

221 2681 250 2745 3)
272 2682 346 2733 lllon.
362 2685 464 2747 έσχατα.
486 2680 670 2735 Parmenidem
682 2681 783 2749 passim
794 2680 938 2734 Damascio
950 2679 1086 2734 laudatum
1098 2697 1154 2734 non
1164 2684 1243 2736 Elea·

152 2763 205 2804 tem
223 2750 320 2815 illum,
340 2750 388 2801 sed
406 2751 549 2821 Dialogum
570 2749 690 2803 Plutonis
712 2750 840 2823 intelligi,
867 2768 920 2803 non
948 2761 1003 2817 est,
1027 2751 1147 2821 opinor,
1169 2752 1243 2825 quod

62 2865 63 2868 ,
105 2877 107 2881 ¹
151 2836 282 2873 moneam.
311 2819 352 2870 De
371 2816 778 2888 penedvidel'latfflhileb.

221 2914 253 2979 d)
273 2913 349 2966 Mon.
360 2910 477 2979 χαλάσαι
483 2936 495 2976 ,·
514 2911 542 2964 in
561 2911 655 2965 eodem
673 2911 756 2966 verba
774 2914 820 2980 tia
837 2915 886 2966 τοῦ
903 2913 958 2973 ἑνὸς
972 2912 999 2965 in
1018 2913 1149 2969 interiore
1162 2932 1243 2988 marg.

119 2991 124 2998 '
150 2981 272 3048 adjecta,
293 2993 319 3033 et
337 2980 442 3034 τίιτλωττ
459 2983 529 3049 (sic)
554 2982 626 3034 ἐστὶ
648 3001 674 3032 τι
698 2981 762 3033 κατὰ
779 2982 811 3034 τὸ
828 2987 924 3054 μέτρον
934 2984 961 3035 in
974 2984 1108 3038 exteriore
1120 2986 1244 3039 lecuntnr

134 3053 184 3117 ,ab
203 3051 257 3104 alia
273 3066 352 3102 manu
378 3051 493 3121 scripta.
526 3050 596 3102 Dein
615 3051 698 3103 habet
722 3049 872 3123 ἀμφιλαχές.
909 3052 1007 3104 Hamb.
1032 3054 1195 3123 1.,τοσοῖιτφ
1214 3074 1242 3123 χι

152 3121 231 3189 (sic).
258 3119 301 3170 nd
320 3119 469 3190 ἀμφιλαφές
485 3119 566 3174 habet
584 3119 621 3191 gl.
635 3120 662 3171 in
682 3138 716 3172 m.
729 3121 813 3174 hanc:
834 3121 867 3173 τὸ
883 3127 966 3192 μέγα·
986 3124 1029 3175 καὶ
1047 3121 1062 3175 ἀ
1079 3123 1121 3176 ὑπ’
1143 3123 1242 3196 ἀμφοῖν

152 3195 208 3244 οἷον
226 3209 254 3240 τε
271 3191 409 3258 ληφθῆναι
433 3196 491 3250 ταῖς
511 3193 614 3258 χερσίν,
642 3188 791 3259 ἀμφιλαφές
807 3210 835 3242 τι
853 3189 891 3245 δν.
922 3191 1012 3246 Locus
1032 3193 1078 3245 hic
1098 3195 1141 3246 vix
1162 3210 1242 3247 sanus

151 3261 221 3312 lianc
240 3257 398 3310 sententiam
416 3259 481 3310 mihi
500 3255 612 3310 fundere
631 3258 761 3316 videtur:
788 3259 842 3312 Hic
862 3261 920 3331 ipse
939 3272 1018 3314 tenor
1035 3263 1243 3334 argumentatio·

151 3329 202 3391 nis,
222 3328 332 3380 Unitum
352 3327 379 3378 in
398 3344 427 3378 se
445 3327 506 3397 ipso
526 3326 623 3380 hahere
641 3339 696 3380 tum
713 3327 742 3380 id
752 3328 827 3398 quod
842 3329 986 3395 adunatur,
1002 3360 1034 3372 -
1052 3331 1113 3399 (etsi
1126 3332 1155 3383 id
1168 3329 1243 3402 quod

60 3440 64 3444 .
150 3399 294 3462 adunatur,
314 3395 349 3448 ab
369 3396 504 3449 adunante
523 3412 602 3466 quam
622 3397 785 3467 penitissime
811 3399 971 3452 absorhtum
990 3401 1047 3452 sive
1067 3400 1242 3454 constrictum

151 3480 209 3533 eet,
229 3465 324 3536 ntique
341 3477 428 3519 tamen
445 3465 549 3518 unitum
569 3469 640 3532 ειη)
669 3479 725 3519 tum
743 3483 848 3536 purum
866 3479 962 3539 putum
980 3468 1083 3535 Unum,
1110 3470 1242 3535 ostendit,

150 3536 286 3608 siquidem
304 3554 336 3588 ex
364 3535 501 3587 elementis
528 3535 668 3588 conflatum
687 3552 746 3602 ene,
776 3538 853 3606 quod
871 3539 950 3590 lllixti
976 3538 1083 3591 nomine
1100 3537 1179 3592 Plato
1204 3539 1244 3590 in·

151 3605 252 3679 signire
271 3602 396 3669 videtur,
427 3619 539 3656 suorum
565 3604 754 3658 elementorum
778 3618 858 3675 τρεῖς
882 3607 1069 3676 οσίΙίοετ’(άτε
1083 3607 1244 3676 χαλασάοης)

150 3675 263 3728 remissa
280 3673 453 3743 relaxataque
471 3673 557 3726 Unius
576 3673 744 3738 sinceritate,
767 3674 802 3727 ad
824 3676 933 3728 modum
952 3676 1038 3730 Unius
1056 3677 1161 3748 aliquid
1181 3694 1242 3729 con·

63 3792 66 3796 .
152 3757 213 3807 etat,
234 3742 308 3795 velut
327 3759 448 3796 cressum
466 3753 492 3822 et
508 3743 629 3812 patulum
650 3747 686 3807 (s.
703 3760 813 3814 anceps,
833 3744 945 3815 duplex)
967 3746 1040 3816 qnod
1059 3763 1151 3798 secum
1164 3743 1243 3799 simul

150 3813 260 3885 profert
279 3811 424 3876 clemente,
444 3811 552 3864 minime
572 3811 680 3880 quidem
699 3813 835 3878 discreta,
865 3814 980 3867 aedano
1002 3815 1056 3868 Uni
1075 3816 1200 3869 devincta
1218 3827 1244 3868 et

151 3882 305 3936 adhucdum
323 3882 399 3952 quiesi
420 3880 553 3946 confusa,
580 3882 661 3951 inque
680 3894 781 3935 tantum
806 3882 932 3954 prolata,
956 3896 985 3936 ut
1008 3904 1040 3937 ne
1065 3883 1136 3938 illud
1162 3883 1244 3951 (rela-

152 3951 261 4005 xatione
280 3951 366 4004 Unius
390 3950 468 4032 quasi
486 3949 629 4015 Defluena)
654 3953 768 4022 amplius
786 3951 848 4004 dum
866 3952 955 4005 Unum
973 3953 1080 4018 clueat,
1108 3955 1158 4006 sed
1177 3954 1244 4006 Uni-

152 4032 225 4087 tum,
245 4032 270 4072 et
286 4035 337 4091 pro
356 4020 462 4079 Unttate
479 4021 532 4087 jam
552 4019 702 4074 substantia
719 4021 845 4076 evaserit.
874 4021 903 4073 ln
914 4023 1002 4075 verbis
1023 4023 1098 4076 οάσέα
1115 4021 1167 4090 ἤδη
1185 4022 1243 4076 for-

153 4101 226 4144 tasse
245 4106 314 4143 unus
333 4089 432 4143 alterve
451 4089 664 4145 emendationem
681 4091 819 4161 requiret,
838 4107 889 4163 ego
908 4091 975 4144 nihil
992 4103 1076 4147 muto.
