2586 4672
115 178 203 256 τοο

114 371 228 461 πλήθη
249 375 301 441 καί
320 352 392 448 νοός
413 373 526 452 ἐγένετο
548 367 626 436 κατά
646 371 699 455 τη“ν
720 368 823 456 νόησιν
844 374 896 438 καί
916 369 1124 460 ε’γανάθη
1081 401 1123 458 τι)
1142 379 1199 461 τῆς

34 491 97 600 1³35·
116 483 221 566 νοερᾶς
241 478 392 563 ἀληθείας
413 479 506 561 φωτὶ,
524 478 640 563 πρῶτος
661 481 703 541 ἐν
713 480 814 562 ἑαυτῷ
836 474 872 542 τό
893 481 947 564 τῆς
963 477 1099 574 γνώσεως
1119 476 1189 565 άμμα

37 563 85 598 ⁸⁰
114 587 406 674 προβαλλόμενος,”
392 611 440 650 ινα
461 613 496 678 τη
482 587 582 667 θέᾳ
602 592 662 649 τοῦ
683 581 737 667 ἀφ’
758 608 795 649 ου
780 577 1011 714 προηλθεν’
995 592 1117 653 επανίοι
1141 589 1192 653 πό-

113 697 209 762 λιν’
182 721 225 771 εις
244 698 339 760 ἐκεῖνο
353 693 412 758 καί
432 688 577 778 επανόγοι
598 696 690 758 έκεῖνο
711 688 788 778 πρός
808 688 934 773 ἑαυτόν,
962 692 1002 768 ὡς
1023 693 1089 759 οῖον
1113 698 1186 760 τείν

115 808 152 896 τῇ
172 799 336 869 διαστάσει.
364 805 507 885 Συνῇπτε
526 800 579 884 μὲν
600 795 654 885 γάρ
676 797 769 865 αὐτὸν
783 801 812 874 ⁹)
835 798 927 879 καὶὴ
958 797 1110 886 οόσιάδης
1133 804 1189 866 ε’πι-

27 990 29 1003 1
114 906 240 994 στροφή,
261 905 341 979 ἀλλά
354 904 430 975 κατά
450 904 506 992 τὴν
521 904 642 992 πράτην
660 902 825 985 διάστασιν,
842 903 879 991 ἢν
896 906 1001 992 διέστη
1018 911 1070 974 καὶ
1082 908 1190 992 ὡρίσθη

114 1012 193 1081 κατά
213 1012 268 1096 τήν
288 1013 473 1081 ὑπόστασιν·
502 1015 633 1094 συνῆπτε
663 1011 697 1079 δὲ
725 1011 816 1078 αὐτόν
844 1014 896 1078 καὶ
921 1013 942 1099 ἡ
970 1011 1096 1102 ζωτικάς,
1122 1011 1190 1080 ἄλλά

115 1119 192 1188 κατά
213 1121 268 1208 την
286 1120 427 1206 δευτέραν
443 1117 611 1204 διάκρισιν,
631 1122 707 1184 καθ’
727 1118 765 1203 ἢν
786 1117 848 1184 άπὸ
868 1123 925 1204 τῆς
940 1109 1110 1198 οόσιάδους
1123 1122 1189 1188 ὑπο-

117 1228 247 1306 στάσεως
277 1235 320 1307 είς
355 1228 410 1313 τὴν
439 1224 606 1312 γνωστικὴν
640 1226 813 1309 διεκρίνετο.
866 1228 1019 1293 Συνάπτει
1047 1229 1083 1295 δὲ
1112 1228 1189 1313 καλὴ

117 1331 263 1423 γνωστική
284 1331 364 1405 κατά
383 1333 442 1421 τὴν
462 1330 645 1418 πορῥωτάτω
661 1334 712 1398 καὶ
732 1331 858 1417 ἕννάτην
873 1333 928 1418 μὲν
949 1323 1046 1401 οὖσαν
1067 1333 1126 1403 άπδ
1144 1342 1189 1399 τοῦ

115 1441 305 1529 άδιακρίτου,
324 1448 427 1528 τρίτην
447 1438 480 1505 δὲ
502 1434 563 1505 άπό
583 1444 639 1505 τοῦ
653 1438 894 1526 διακεκριμένον·
916 1447 1020 1524 τρίτης
1037 1427 1095 1529 γάρ
1109 1439 1188 1526 οάσης

113 1553 168 1631 τῆς
189 1553 373 1632 ἐπιστροφῆς
392 1543 466 1633 μετά
489 1543 583 1631 μονην
606 1549 658 1612 καὶ
675 1543 808 1630 πρόοδον
829 1553 913 1633 τρίτη
933 1550 1017 1614 ἐστὶν
1036 1541 1186 1635 ἐπιστροφὴ

113 1656 133 1738 ἡ
154 1651 207 1721 διά
228 1652 370 1740 γνώσεως
383 1660 540 1743 γιγνομένη
562 1656 616 1738 ¹⁰)·
648 1651 697 1721 διό
718 1651 773 1741 τὴν
792 1654 936 1740 πλείστην
963 1654 1130 1747 άπόστασιν
1152 1661 1186 1732 είς

112 1760 149 1830 τό
167 1765 293 1893 ἐσγατον
306 1766 418 1829 ἑαυτοῦ
435 1764 487 1828 καί
501 1762 566 1829 οἷον
586 1767 643 1829 τοῦ
665 1768 766 1850 τρίτου
782 1759 817 1828 τό
829 1770 930 1850 τρίτον
946 1761 1110 1841 άποστάςό
1128 1766 1185 1836 νοός

67 1922 70 1926 -
113 1871 216 1956 ἇγαπά
236 1896 292 1955 την
312 1897 371 1956 των
396 1864 627 1937 διεστάτων’
588 1897 668 1959 ουτω
696 1868 909 1937 συνάπτεσθαι
938 1896 1095 1959 συναφην·
1122 1898 1184 1996 οητη

113 1977 149 2042 δέ
167 1976 284 2042 ἐστιν“
268 2004 287 2060 η
309 2003 430 2060 γνωσις,
456 1973 477 2063 ἢ
497 1967 547 2042 ότι
566 1952 662 2062 μέν
647 1972 816 2062 επιστροφή
843 2004 889 2052 τις
916 1978 1062 2109 εἴρηται,
1077 1981 1126 2046 καὶ
1147 1971 1183 2042 ότι

101 2082 250 2168 “ε’σγότη
235 2109 403 2176 επιστροφη
418 2087 470 2150 καὶ
485 2088 573 2150 τοῦτο
588 2087 715 2170 εἴρηται
742 2093 783 2151 Τί
797 2085 866 2149 δέ’
851 2111 932 2163 εστιν
948 2077 1029 2169 ὅμως
1046 2115 1064 2172 η
1084 2091 1182 2174 γνῶσις,

42 2215 45 2223 ·
111 2186 308 2273 ηάντίληιγις
327 2194 385 2255 τοῦ
403 2190 538 2290 γνωστοῦ
559 2193 592 2256 ἐν
612 2195 654 2276 τῷ
674 2194 862 2319 γνωστιηηῖς
859 2173 942 2259 Ἀλλ’
962 2190 1051 2258 σάπω
1072 2221 1100 2260 τι
1114 2195 1181 2313 ἴσμεη

46 2334 48 2348 ι
113 2285 153 2358 ὧν
173 2292 308 2379 λέγομεν.
354 2301 396 2363 Τί
415 2293 471 2385 γάρ
501 2293 539 2362 άν
557 2299 603 2382 ε’ίη
626 2294 662 2363 τό
689 2293 824 2381 γνωστόν
850 2325 869 2382 η
863 2293 931 2362 τό
955 2297 1130 2382 γιωστικόν,
1152 2291 1179 2361 ον’

113 2398 219 2488 ῥᾴδιον
239 2426 366 2485 γνωναι,
386 2401 590 2489 ἀγνοουμένης
614 2407 666 2488 τῆς
686 2401 831 2488 γνιόσεως.

188 2507 234 2572 Ἡ
251 2507 289 2588 ¹¹)
312 2512 420 2594 γνῶσίς
440 2512 520 2573 ἐστιν
541 2509 580 2584 ὡς
600 2506 635 2574 τό
657 2497 940 2595 όνομαπαραδηλοῖ
955 2511 1109 2594 γιγνομένη
1119 2506 1178 2592 γνό·

111 2637 175 2692 σις,
197 2603 214 2679 δ’
237 2619 317 2681 ἔστιν
337 2615 454 2700 νόησις·
476 2616 495 2694 ἢ
516 2615 550 2681 δὲ
572 2613 692 2701 νόησις,
714 2610 761 2681 ότι
780 2618 833 2682 ἐπὶ
852 2615 887 2681 τό
911 2614 1058 2682 εἶναικαὶ
1077 2612 1113 2682 τό
1131 2617 1178 2679 ἐστι

109 2731 224 2788 νοεῖται
242 2725 294 2790 καί
308 2719 445 2789 ἐπάνεισι
460 2722 573 2817 νεόεσις
587 2726 618 2788 ἒν
632 2723 698 2817 δίχη
713 2720 749 2788 δν
770 2723 938 2807 κληθεῖσαῒ
962 2727 1016 2789 νῦν
1039 2724 1072 2790 δὲ
1089 2743 1176 2807 σεμνο·

110 2823 288 2911 λογοόμεναί
308 2856 340 2895 τε
360 2826 412 2895 διά
434 2830 488 2894 τοῖι
508 2857 527 2913 η
550 2831 600 2894 καί
630 2827 843 2920 εὐσταμοῦντες
869 2825 947 2894 κατά
974 2827 1032 2916 την
1060 2833 1177 2912 συναίρε-

111 2956 174 3010 σιν,
194 2933 299 3020 νόησιν
319 2937 483 3020 καλοῦμεν·
505 2930 580 3001 ὥστε
602 2935 617 3002 ὃ
637 2938 710 3012 νοεῖς
731 2932 779 3002 ότι
800 2949 896 3002 νεῖται
917 2937 968 3003 ἐπὶ
988 2937 1025 3002 τὸ
1047 2936 1090 3005 όν.
1103 2947 1191 3025 νεῖτιν

109 3037 143 3103 δὲ
164 3041 216 3105 καὶ
235 3040 289 3126 την
311 3041 441 3128 οὐσιιόδη
463 3042 611 3108 ἐπάνοδον
637 3046 689 3109 καί
709 3042 766 3129 τὴν
787 3040 932 3131 ζωτικὴν,
957 3044 1025 3110 ἀλλ’
1054 3050 1086 3112 έν
1111 3047 1178 3132 τρίτη

108 3143 188 3225 τάξει
216 3152 268 3215 καὶ
295 3149 359 3215 οἷον
385 3154 549 3236 πόρῥωδεν
575 3148 627 3215 διά
655 3155 710 3233 της
738 3157 901 3237 γνωστικης
934 3152 1084 3238 νοήσεως,
1107 3136 1179 3230 καὶῆ

18 3344 21 3352 x
108 3256 179 3327 νοῦς
197 3253 356 3340 γνωστικὸς
376 3263 427 3322 καί
447 3283 514 3322 τινα
534 3254 648 3342 τρόπον
669 3258 709 3322 δι’
731 3262 895 3342 ἐνεργείας,
917 3257 986 3324 ἀλλ’
1008 3257 1078 3325 οὔτε
1093 3256 1181 3324 aflatus

110 3357 180 3425 οάτε
195 3363 320 3448 ζωτικῆς
335 3364 495 3449 δυνάμεως,
514 3360 562 3428 διά
585 3368 739 3449 γιγνομένη
765 3365 882 3447 μᾶλλον
903 3357 958 3451 η’δε
979 3371 1020 3443 ¹²)
1042 3366 1062 3451 ἡ
1083 3367 1179 3450 νόησις.

112 3474 323 3555 Εναργεστέρα
351 3470 387 3536 δὲ
408 3465 485 3555 αάτη
506 3467 624 3554 μᾶλλόν
653 3469 744 3554 ἡμῖν,
765 3464 812 3536 ότι
841 3466 971 3555 μάλιστα
998 3470 1180 3558 διακέκριται·

149 3649 205 3715 9)
225 3645 303 3700 Mon.
326 3647 431 3711 ἑαυτὸν,
456 3657 483 3698 et
506 3644 579 3697 infra
603 3645 715 3711 συνῆπτε
739 3644 773 3697 δι
798 3644 938 3697 αὐτὸκ-
960 3649 1005 3715 ιο)
1029 3647 1081 3700 Ute
1116 3663 1145 3697 σε
1160 3640 1183 3694 in

109 3726 235 3767 contextu
259 3721 414 3786 γιγνομένη,
437 3728 463 3768 ει
484 3715 578 3767 Ηααὼ.
604 3715 637 3766 αδ
659 3731 741 3785 marg.
766 3719 966 3799 γιγνωσκομέιη.
999 3715 1073 3768 Idem
1123 3711 1181 3768 amb

109 3783 144 3833 ad
158 3797 255 3867 marg.
258 3797 332 3837 notat
347 3787 432 3837 rubro
441 3782 524 3870 pigm.
543 3785 642 3853 γνῶσις.
659 3789 849 3868 γιγνωσκομένη
869 3784 964 3848 νόησις.
980 3782 1068 3850 νόησις
1081 3783 1181 3841 υεόεσις,

110 3849 958 3939 &mennoflvaaualvormouzvaw-11)qu..”Mon
937 3873 961 3937 η
979 3852 1129 3909 sicHamb.
1146 3850 1183 3900 καί

25 3981 27 3984 ⁴
108 3922 177 3972 δστιν
195 3927 321 3973 νοεῖται..
329 3922 470 3982 ιεοστις
480 3922 554 3974 Mon
586 3919 686 3972 ldem“
672 3941 714 3972 οτι
725 3940 822 3974 νοειται
839 3922 880 3972 ἰπὶ
896 3919 928 3971 τὸ
948 3918 987 3971 όν·
999 3929 1096 3974 νοεῖται
1112 3921 1183 3972 δέ.-

109 3991 157 4106 ιην)
176 3988 282 4040 Νάθα.ι
270 4011 286 4055 η
283 3958 336 4041 δέ
353 3991 487 4056 νόησις...
495 3989 565 4041 .διδ
584 3990 709 4042 καὶκατὰ
726 4011 779 4042 τ...
821 3990 919 4058 ..πρὸ
941 3992 988 4054 τῆς
1010 3991 1039 4042 δὲ
1064 3990 1126 4043 κατὰ
1141 3986 1183 4052 τὴν

126 4075 221 4126 ιακικρ.
