<?xml version="1.0" encoding="UTF-8"?>
<!DOCTYPE html PUBLIC "-//W3C//DTD XHTML 1.0 Transitional//EN"
    "http://www.w3.org/TR/xhtml1/DTD/xhtml1-transitional.dtd">
<html xmlns="http://www.w3.org/1999/xhtml" xml:lang="en" lang="en">
 <head>
  <title>
</title>
<meta http-equiv="Content-Type" content="text/html;charset=utf-8" />
  <meta name='ocr-system' content='tesseract 3.04.00' />
  <meta name='ocr-capabilities' content='ocr_page ocr_carea ocr_par ocr_line ocrx_word'/>
</head>
<body>
  <div class='ocr_page' id='page_1' title='image "./qustionesdeprim00koppgoog_0309.png"; bbox 0 0 2586 4672; ppageno 0'>
   <div class='ocr_carea' id='block_1_1' title="bbox 130 217 201 280">
    <p class='ocr_par' dir='ltr' id='par_1_1' title="bbox 130 217 201 280">
     <span class='ocr_line' id='line_1_1' title="bbox 130 217 201 280; baseline 0.014 -2"><span class='ocrx_word' id='word_1_1' title='bbox 130 217 201 280; x_wconf 80' lang='lat'><strong><em>250</em></strong></span> 
     </span>
    </p>
   </div>
   <div class='ocr_carea' id='block_1_2' title="bbox 15 388 1197 3829">
    <p class='ocr_par' dir='ltr' id='par_1_2' title="bbox 94 388 1191 1128">
     <span class='ocr_line' id='line_1_2' title="bbox 94 388 1190 492; baseline -0.005 -30"><span class='ocrx_word' id='word_1_2' title='bbox 94 479 108 492; x_wconf 58' lang='lat'><em>„</em></span> <span class='ocrx_word' id='word_1_3' title='bbox 123 395 356 479; x_wconf 71' lang='grc' dir='ltr'><strong><em>ἀναλισκόμενα</em></strong></span> <span class='ocrx_word' id='word_1_4' title='bbox 364 399 457 463; x_wconf 77' lang='grc' dir='ltr'><strong><em>έκεῖνο</em></strong></span> <span class='ocrx_word' id='word_1_5' title='bbox 469 401 512 473; x_wconf 77' lang='grc' dir='ltr'><strong><em>εἷς</em></strong></span> <span class='ocrx_word' id='word_1_6' title='bbox 523 395 629 475; x_wconf 76' lang='grc' dir='ltr'><strong><em>ταῦτα,</em></strong></span> <span class='ocrx_word' id='word_1_7' title='bbox 649 392 729 462; x_wconf 85' lang='grc' dir='ltr'><strong><em>ἀλλά</em></strong></span> <span class='ocrx_word' id='word_1_8' title='bbox 741 396 837 482; x_wconf 84' lang='grc' dir='ltr'><strong><em>χώραν</em></strong></span> <span class='ocrx_word' id='word_1_9' title='bbox 845 395 896 459; x_wconf 82' lang='grc' dir='ltr'><strong><em>καὶ</em></strong></span> <span class='ocrx_word' id='word_1_10' title='bbox 906 393 1030 468; x_wconf 70' lang='grc' dir='ltr'><strong><em>τούτοις</em></strong></span> <span class='ocrx_word' id='word_1_11' title='bbox 1041 388 1190 480; x_wconf 84' lang='grc' dir='ltr'><strong><em>παρεχόμε-</em></strong></span> 
     </span>
     <span class='ocr_line' id='line_1_3' title="bbox 127 492 1191 598; baseline -0.005 -29"><span class='ocrx_word' id='word_1_12' title='bbox 127 528 180 570; x_wconf 92' lang='grc' dir='ltr'><strong><em>νον</em></strong></span> <span class='ocrx_word' id='word_1_13' title='bbox 200 509 242 579; x_wconf 83' lang='grc' dir='ltr'><strong><em>εἷς</em></strong></span> <span class='ocrx_word' id='word_1_14' title='bbox 263 499 448 585; x_wconf 81' lang='grc' dir='ltr'><strong><em>ἀπόστασιν,</em></strong></span> <span class='ocrx_word' id='word_1_15' title='bbox 470 500 526 572; x_wconf 87' lang='grc' dir='ltr'><strong><em>κάν</em></strong></span> <span class='ocrx_word' id='word_1_16' title='bbox 547 503 709 591; x_wconf 85' lang='grc' dir='ltr'><strong><em>ἀχώριστον</em></strong></span> <span class='ocrx_word' id='word_1_17' title='bbox 729 495 749 598; x_wconf 72' lang='grc' dir='ltr'><em>ᾖ</em></span> <span class='ocrx_word' id='word_1_18' title='bbox 768 500 802 569; x_wconf 88' lang='grc' dir='ltr'><strong><em>τό</em></strong></span> <span class='ocrx_word' id='word_1_19' title='bbox 824 510 857 568; x_wconf 80' lang='grc' dir='ltr'><strong><em>ἓν</em></strong></span> <span class='ocrx_word' id='word_1_20' title='bbox 877 505 937 569; x_wconf 81' lang='grc' dir='ltr'><strong><em>τάν</em></strong></span> <span class='ocrx_word' id='word_1_21' title='bbox 949 499 1088 581; x_wconf 77' lang='grc' dir='ltr'><strong><em>πολλῶν,</em></strong></span> <span class='ocrx_word' id='word_1_22' title='bbox 1107 492 1191 574; x_wconf 80' lang='grc' dir='ltr'><strong><em>οάτας</em></strong></span> 
     </span>
     <span class='ocr_line' id='line_1_4' title="bbox 126 603 1191 697; baseline 0.005 -23"><span class='ocrx_word' id='word_1_23' title='bbox 126 613 202 697; x_wconf 79' lang='grc' dir='ltr'><strong><em>ἔχειν</em></strong></span> <span class='ocrx_word' id='word_1_24' title='bbox 221 610 368 692; x_wconf 83' lang='grc' dir='ltr'><strong><em>πέφυκεν·</em></strong></span> <span class='ocrx_word' id='word_1_25' title='bbox 386 613 427 676; x_wconf 76' lang='grc' dir='ltr'><strong><em>Εἰ</em></strong></span> <span class='ocrx_word' id='word_1_26' title='bbox 438 607 473 676; x_wconf 78' lang='grc' dir='ltr'><strong><em>δέ</em></strong></span> <span class='ocrx_word' id='word_1_27' title='bbox 489 606 590 680; x_wconf 73' lang='grc' dir='ltr'><strong><em>πολλοὶ</em></strong></span> <span class='ocrx_word' id='word_1_28' title='bbox 611 610 722 694; x_wconf 75' lang='grc' dir='ltr'><strong><em>τριχῶς,</em></strong></span> <span class='ocrx_word' id='word_1_29' title='bbox 741 605 814 694; x_wconf 74' lang='grc' dir='ltr'><strong><em>ἢὼς</em></strong></span> <span class='ocrx_word' id='word_1_30' title='bbox 824 607 904 692; x_wconf 74' lang='grc' dir='ltr'><strong><em>εἴδη,</em></strong></span> <span class='ocrx_word' id='word_1_31' title='bbox 924 604 946 693; x_wconf 73' lang='grc' dir='ltr'>ἢ</span> <span class='ocrx_word' id='word_1_32' title='bbox 968 605 1008 684; x_wconf 77' lang='grc' dir='ltr'><strong><em>ὥς</em></strong></span> <span class='ocrx_word' id='word_1_33' title='bbox 1023 609 1108 692; x_wconf 88' lang='grc' dir='ltr'><strong><em>μέρη,</em></strong></span> <span class='ocrx_word' id='word_1_34' title='bbox 1126 603 1191 689; x_wconf 66' lang='grc' dir='ltr'><strong><em>ἢὼς</em></strong></span> 
     </span>
     <span class='ocr_line' id='line_1_5' title="bbox 126 710 1189 803; baseline -0.004 -22"><span class='ocrx_word' id='word_1_35' title='bbox 126 727 265 800; x_wconf 79' lang='grc' dir='ltr'><strong><em>στοιχεῖα,</em></strong></span> <span class='ocrx_word' id='word_1_36' title='bbox 282 714 400 792; x_wconf 81' lang='grc' dir='ltr'><strong><em>πάντας</em></strong></span> <span class='ocrx_word' id='word_1_37' title='bbox 416 710 462 783; x_wconf 83' lang='grc' dir='ltr'><strong><em>δτι</em></strong></span> <span class='ocrx_word' id='word_1_38' title='bbox 482 718 533 783; x_wconf 76' lang='grc' dir='ltr'><strong><em>καὶ</em></strong></span> <span class='ocrx_word' id='word_1_39' title='bbox 553 716 589 782; x_wconf 89' lang='grc' dir='ltr'><strong><em>τό</em></strong></span> <span class='ocrx_word' id='word_1_40' title='bbox 602 724 635 783; x_wconf 74' lang='grc' dir='ltr'><strong><em>ἓν</em></strong></span> <span class='ocrx_word' id='word_1_41' title='bbox 657 714 773 803; x_wconf 77' lang='grc' dir='ltr'><strong><em>τριττὸν</em></strong></span> <span class='ocrx_word' id='word_1_42' title='bbox 787 714 822 783; x_wconf 78' lang='grc' dir='ltr'><strong><em>ἀν</em></strong></span> <span class='ocrx_word' id='word_1_43' title='bbox 834 718 898 801; x_wconf 82' lang='grc' dir='ltr'><strong><em>ε’όη,</em></strong></span> <span class='ocrx_word' id='word_1_44' title='bbox 918 717 971 781; x_wconf 79' lang='grc' dir='ltr'><strong><em>καλ</em></strong></span> <span class='ocrx_word' id='word_1_45' title='bbox 984 719 1064 783; x_wconf 82' lang='grc' dir='ltr'><strong><em>καθ’</em></strong></span> <span class='ocrx_word' id='word_1_46' title='bbox 1077 719 1189 779; x_wconf 59' lang='grc' dir='ltr'><strong><em>ἕκαστον</em></strong></span> 
     </span>
     <span class='ocr_line' id='line_1_6' title="bbox 125 816 1186 910; baseline -0.003 -21"><span class='ocrx_word' id='word_1_47' title='bbox 125 823 251 909; x_wconf 75' lang='grc' dir='ltr'><strong><em>πλῆθος</em></strong></span> <span class='ocrx_word' id='word_1_48' title='bbox 270 825 348 891; x_wconf 82' lang='grc' dir='ltr'><strong><em>ἴδιον</em></strong></span> <span class='ocrx_word' id='word_1_49' title='bbox 368 826 418 906; x_wconf 74' lang='grc' dir='ltr'><strong><em>ἓν,</em></strong></span> <span class='ocrx_word' id='word_1_50' title='bbox 438 820 474 892; x_wconf 89' lang='grc' dir='ltr'><strong><em>τό</em></strong></span> <span class='ocrx_word' id='word_1_51' title='bbox 492 825 546 910; x_wconf 81' lang='grc' dir='ltr'><strong><em>μὲν</em></strong></span> <span class='ocrx_word' id='word_1_52' title='bbox 567 821 716 910; x_wconf 76' lang='grc' dir='ltr'><strong><em>εἰδητικόν</em></strong></span> <span class='ocrx_word' id='word_1_53' title='bbox 735 831 913 910; x_wconf 86' lang='grc' dir='ltr'><strong><em>συναίρεμα,</em></strong></span> <span class='ocrx_word' id='word_1_54' title='bbox 937 825 989 889; x_wconf 79' lang='grc' dir='ltr'><strong><em>καὶ</em></strong></span> <span class='ocrx_word' id='word_1_55' title='bbox 1004 816 1036 890; x_wconf 73' lang='grc' dir='ltr'><strong><em>έν</em></strong></span> <span class='ocrx_word' id='word_1_56' title='bbox 1050 821 1129 897; x_wconf 77' lang='grc' dir='ltr'><strong><em>εἶδος</em></strong></span> <span class='ocrx_word' id='word_1_57' title='bbox 1138 819 1186 904; x_wconf 76' lang='grc' dir='ltr'><strong><em>πρὸ</em></strong></span> 
     </span>
     <span class='ocr_line' id='line_1_7' title="bbox 124 919 1189 1020; baseline -0.007 -22"><span class='ocrx_word' id='word_1_58' title='bbox 124 919 184 998; x_wconf 81' lang='grc' dir='ltr'><strong><em>τοά</em></strong></span> <span class='ocrx_word' id='word_1_59' title='bbox 199 937 356 1020; x_wconf 79' lang='grc' dir='ltr'><strong><em>μερισμοῦ,</em></strong></span> <span class='ocrx_word' id='word_1_60' title='bbox 376 932 413 1001; x_wconf 91' lang='grc' dir='ltr'><strong><em>τό</em></strong></span> <span class='ocrx_word' id='word_1_61' title='bbox 423 933 457 1000; x_wconf 83' lang='grc' dir='ltr'><strong><em>δὲ</em></strong></span> <span class='ocrx_word' id='word_1_62' title='bbox 470 930 572 1000; x_wconf 85' lang='grc' dir='ltr'><strong><em>όλιιιόν</em></strong></span> <span class='ocrx_word' id='word_1_63' title='bbox 585 928 645 1018; x_wconf 87' lang='grc' dir='ltr'><strong><em>πρό</em></strong></span> <span class='ocrx_word' id='word_1_64' title='bbox 656 937 718 998; x_wconf 77' lang='grc' dir='ltr'><strong><em>τῶν</em></strong></span> <span class='ocrx_word' id='word_1_65' title='bbox 727 936 833 1019; x_wconf 73' lang='grc' dir='ltr'><strong><em>μερῶν,</em></strong></span> <span class='ocrx_word' id='word_1_66' title='bbox 845 929 880 998; x_wconf 86' lang='grc' dir='ltr'><strong><em>τό</em></strong></span> <span class='ocrx_word' id='word_1_67' title='bbox 894 932 927 998; x_wconf 81' lang='grc' dir='ltr'><strong><em>δὲ</em></strong></span> <span class='ocrx_word' id='word_1_68' title='bbox 940 925 1125 1018; x_wconf 85' lang='grc' dir='ltr'><strong><em>στοιχειωτόν</em></strong></span> <span class='ocrx_word' id='word_1_69' title='bbox 1136 923 1189 1013; x_wconf 83' lang='grc' dir='ltr'><strong><em>πρό</em></strong></span> 
     </span>
     <span class='ocr_line' id='line_1_8' title="bbox 123 1035 1186 1128; baseline -0.007 -22"><span class='ocrx_word' id='word_1_70' title='bbox 123 1044 181 1106; x_wconf 78' lang='grc' dir='ltr'><strong><em>τῶν</em></strong></span> <span class='ocrx_word' id='word_1_71' title='bbox 202 1047 372 1128; x_wconf 77' lang='grc' dir='ltr'><strong><em>στοιχείων’</em></strong></span> <span class='ocrx_word' id='word_1_72' title='bbox 399 1045 451 1107; x_wconf 74' lang='grc' dir='ltr'><strong><em>κατ’</em></strong></span> <span class='ocrx_word' id='word_1_73' title='bbox 471 1046 504 1108; x_wconf 77' lang='grc' dir='ltr'><strong><em>αἱ</em></strong></span> <span class='ocrx_word' id='word_1_74' title='bbox 524 1040 710 1125; x_wconf 77' lang='grc' dir='ltr'><strong><em>διαφοραὶ</em></strong></span> <span class='ocrx_word' id='word_1_75' title='bbox 736 1041 803 1107; x_wconf 85' lang='grc' dir='ltr'><strong><em>τοῦ</em></strong></span> <span class='ocrx_word' id='word_1_76' title='bbox 827 1039 909 1114; x_wconf 80' lang='grc' dir='ltr'><strong><em>ἑνός</em></strong></span> <span class='ocrx_word' id='word_1_77' title='bbox 930 1035 1186 1124; x_wconf 75' lang='grc' dir='ltr'><strong><em>ἀνάλογονπροέα·</em></strong></span> 
     </span>
    </p>

    <p class='ocr_par' dir='ltr' id='par_1_3' title="bbox 100 1139 1186 2320">
     <span class='ocr_line' id='line_1_9' title="bbox 100 1139 1186 1234; baseline -0.002 -22"><span class='ocrx_word' id='word_1_78' title='bbox 100 1173 102 1177; x_wconf 67' lang='grc'>’</span> <span class='ocrx_word' id='word_1_79' title='bbox 123 1168 169 1212; x_wconf 91' lang='grc' dir='ltr'><strong><em>σι·</em></strong></span> <span class='ocrx_word' id='word_1_80' title='bbox 189 1147 225 1213; x_wconf 87' lang='grc' dir='ltr'><strong><em>τό</em></strong></span> <span class='ocrx_word' id='word_1_81' title='bbox 247 1148 302 1233; x_wconf 81' lang='grc' dir='ltr'><strong><em>μὲν</em></strong></span> <span class='ocrx_word' id='word_1_82' title='bbox 320 1145 377 1234; x_wconf 88' lang='grc' dir='ltr'><strong><em>γάρ</em></strong></span> <span class='ocrx_word' id='word_1_83' title='bbox 398 1148 460 1214; x_wconf 82' lang='grc' dir='ltr'><strong><em>τῶν</em></strong></span> <span class='ocrx_word' id='word_1_84' title='bbox 477 1147 567 1220; x_wconf 78' lang='grc' dir='ltr'><strong><em>εἰδῶν</em></strong></span> <span class='ocrx_word' id='word_1_85' title='bbox 586 1139 783 1234; x_wconf 75' lang='grc' dir='ltr'><strong><em>πολύμορφόν</em></strong></span> <span class='ocrx_word' id='word_1_86' title='bbox 802 1151 883 1215; x_wconf 81' lang='grc' dir='ltr'><strong><em>ἐστιν</em></strong></span> <span class='ocrx_word' id='word_1_87' title='bbox 906 1153 959 1212; x_wconf 77' lang='grc' dir='ltr'><strong><em>ἕν’·</em></strong></span> <span class='ocrx_word' id='word_1_88' title='bbox 974 1141 1011 1212; x_wconf 85' lang='grc' dir='ltr'><strong><em>τό</em></strong></span> <span class='ocrx_word' id='word_1_89' title='bbox 1024 1145 1058 1211; x_wconf 83' lang='grc' dir='ltr'><strong><em>δὲ</em></strong></span> <span class='ocrx_word' id='word_1_90' title='bbox 1071 1148 1129 1211; x_wconf 81' lang='grc' dir='ltr'><strong><em>τῶν</em></strong></span> <span class='ocrx_word' id='word_1_91' title='bbox 1146 1168 1186 1228; x_wconf 86' lang='grc' dir='ltr'><strong><em>με·</em></strong></span> 
     </span>
     <span class='ocr_line' id='line_1_10' title="bbox 121 1252 1183 1342; baseline -0.001 -23"><span class='ocrx_word' id='word_1_92' title='bbox 121 1255 194 1338; x_wconf 84' lang='grc' dir='ltr'><strong><em>ρῶν,</em></strong></span> <span class='ocrx_word' id='word_1_93' title='bbox 217 1252 401 1339; x_wconf 80' lang='grc' dir='ltr'><strong><em>φαντάζεται</em></strong></span> <span class='ocrx_word' id='word_1_94' title='bbox 420 1254 475 1340; x_wconf 83' lang='grc' dir='ltr'><strong><em>μὲν</em></strong></span> <span class='ocrx_word' id='word_1_95' title='bbox 494 1254 573 1320; x_wconf 81' lang='grc' dir='ltr'><strong><em>εἶναι</em></strong></span> <span class='ocrx_word' id='word_1_96' title='bbox 589 1255 759 1342; x_wconf 80' lang='grc' dir='ltr'><strong><em>πολυμερὲς</em></strong></span> <span class='ocrx_word' id='word_1_97' title='bbox 778 1257 916 1320; x_wconf 77' lang='grc' dir='ltr'><strong><em>καθόσον</em></strong></span> <span class='ocrx_word' id='word_1_98' title='bbox 936 1257 1015 1320; x_wconf 84' lang='grc' dir='ltr'><strong><em>πᾶσι</em></strong></span> <span class='ocrx_word' id='word_1_99' title='bbox 1038 1278 1183 1339; x_wconf 88' lang='grc' dir='ltr'><strong><em>συμπαρο-</em></strong></span> 
     </span>
     <span class='ocr_line' id='line_1_11' title="bbox 120 1353 1182 1458; baseline -0.001 -31"><span class='ocrx_word' id='word_1_100' title='bbox 120 1369 247 1430; x_wconf 87' lang='grc' dir='ltr'><strong><em>τείνεται</em></strong></span> <span class='ocrx_word' id='word_1_101' title='bbox 266 1375 332 1439; x_wconf 82' lang='grc' dir='ltr'><strong><em>τοῖς</em></strong></span> <span class='ocrx_word' id='word_1_102' title='bbox 351 1367 451 1448; x_wconf 80' lang='grc' dir='ltr'><strong><em>μέρεσι</em></strong></span> <span class='ocrx_word' id='word_1_103' title='bbox 470 1363 505 1427; x_wconf 89' lang='grc' dir='ltr'><strong><em>τό</em></strong></span> <span class='ocrx_word' id='word_1_104' title='bbox 528 1353 601 1430; x_wconf 75' lang='grc' dir='ltr'><strong><em>’όλον</em></strong></span> <span class='ocrx_word' id='word_1_105' title='bbox 620 1367 660 1458; x_wconf 74' lang='grc' dir='ltr'><strong><em>τῇ</em></strong></span> <span class='ocrx_word' id='word_1_106' title='bbox 679 1366 819 1458; x_wconf 71' lang='grc' dir='ltr'><strong><em>περιοχῇ,</em></strong></span> <span class='ocrx_word' id='word_1_107' title='bbox 840 1364 906 1429; x_wconf 80' lang='grc' dir='ltr'><strong><em>ἐστὶ</em></strong></span> <span class='ocrx_word' id='word_1_108' title='bbox 925 1362 960 1428; x_wconf 84' lang='grc' dir='ltr'><strong><em>δὲ</em></strong></span> <span class='ocrx_word' id='word_1_109' title='bbox 980 1355 1062 1447; x_wconf 76' lang='grc' dir='ltr'><strong><em>ὅμως</em></strong></span> <span class='ocrx_word' id='word_1_110' title='bbox 1080 1360 1113 1431; x_wconf 86' lang='grc' dir='ltr'><strong><em>τό</em></strong></span> <span class='ocrx_word' id='word_1_111' title='bbox 1134 1362 1182 1444; x_wconf 76' lang='grc' dir='ltr'><strong><em>πρέ</em></strong></span> 
     </span>
     <span class='ocr_line' id='line_1_12' title="bbox 119 1467 1171 1558; baseline 0 -25"><span class='ocrx_word' id='word_1_112' title='bbox 119 1474 180 1535; x_wconf 79' lang='grc' dir='ltr'><strong><em>τῶν</em></strong></span> <span class='ocrx_word' id='word_1_113' title='bbox 199 1474 296 1558; x_wconf 80' lang='grc' dir='ltr'><strong><em>μερῶν</em></strong></span> <span class='ocrx_word' id='word_1_114' title='bbox 315 1467 492 1554; x_wconf 86' lang='grc' dir='ltr'><strong><em>ἀμέριστον,</em></strong></span> <span class='ocrx_word' id='word_1_115' title='bbox 512 1475 541 1536; x_wconf 80' lang='grc' dir='ltr'><strong><em>εἰ</em></strong></span> <span class='ocrx_word' id='word_1_116' title='bbox 559 1472 611 1536; x_wconf 77' lang='grc' dir='ltr'><strong><em>καὶ</em></strong></span> <span class='ocrx_word' id='word_1_117' title='bbox 631 1475 664 1536; x_wconf 80' lang='grc' dir='ltr'><strong><em>ἐν</em></strong></span> <span class='ocrx_word' id='word_1_118' title='bbox 684 1483 749 1547; x_wconf 79' lang='grc' dir='ltr'><strong><em>τοῖς</em></strong></span> <span class='ocrx_word' id='word_1_119' title='bbox 767 1475 889 1558; x_wconf 86' lang='grc' dir='ltr'><strong><em>μέρεσιν</em></strong></span> <span class='ocrx_word' id='word_1_120' title='bbox 907 1470 1075 1556; x_wconf 76' lang='grc' dir='ltr'><strong><em>ἀφεστήκοι</em></strong></span> <span class='ocrx_word' id='word_1_121' title='bbox 1088 1471 1130 1549; x_wconf 80' lang='grc'><strong><em>3)·</em></strong></span> <span class='ocrx_word' id='word_1_122' title='bbox 1147 1467 1171 1533; x_wconf 86' lang='grc' dir='ltr'><strong><em>δ’</em></strong></span> 
     </span>
     <span class='ocr_line' id='line_1_13' title="bbox 118 1573 1182 1664; baseline 0.001 -24"><span class='ocrx_word' id='word_1_123' title='bbox 118 1574 191 1641; x_wconf 89' lang='grc' dir='ltr'><strong><em>δωσι</em></strong></span> <span class='ocrx_word' id='word_1_124' title='bbox 217 1573 273 1662; x_wconf 88' lang='grc' dir='ltr'><strong><em>γάρ</em></strong></span> <span class='ocrx_word' id='word_1_125' title='bbox 300 1577 351 1642; x_wconf 87' lang='grc' dir='ltr'><strong><em>καδ</em></strong></span> <span class='ocrx_word' id='word_1_126' title='bbox 378 1587 444 1652; x_wconf 80' lang='grc' dir='ltr'><strong><em>τοῖς</em></strong></span> <span class='ocrx_word' id='word_1_127' title='bbox 469 1581 570 1662; x_wconf 83' lang='grc' dir='ltr'><strong><em>μέρεσι</em></strong></span> <span class='ocrx_word' id='word_1_128' title='bbox 587 1575 686 1664; x_wconf 82' lang='grc' dir='ltr'><strong><em>χάραν</em></strong></span> <span class='ocrx_word' id='word_1_129' title='bbox 706 1583 749 1654; x_wconf 80' lang='grc' dir='ltr'><strong><em>εἷς</em></strong></span> <span class='ocrx_word' id='word_1_130' title='bbox 774 1576 939 1644; x_wconf 78' lang='grc' dir='ltr'><strong><em>ὑπόστασιν</em></strong></span> <span class='ocrx_word' id='word_1_131' title='bbox 968 1575 1024 1661; x_wconf 74' lang='grc' dir='ltr'><strong><em>τήν</em></strong></span> <span class='ocrx_word' id='word_1_132' title='bbox 1051 1580 1085 1642; x_wconf 80' lang='grc' dir='ltr'><strong><em>ἐν</em></strong></span> <span class='ocrx_word' id='word_1_133' title='bbox 1111 1576 1182 1657; x_wconf 76' lang='grc' dir='ltr'><strong><em>ου’τῴ</em></strong></span> 
     </span>
     <span class='ocr_line' id='line_1_14' title="bbox 116 1681 1178 1772; baseline -0.003 -21"><span class='ocrx_word' id='word_1_134' title='bbox 116 1687 343 1772; x_wconf 80' lang='grc' dir='ltr'><strong><em>μεμερισμένην·</em></strong></span> <span class='ocrx_word' id='word_1_135' title='bbox 372 1681 408 1750; x_wconf 87' lang='grc' dir='ltr'><strong><em>τὸ</em></strong></span> <span class='ocrx_word' id='word_1_136' title='bbox 436 1683 470 1750; x_wconf 85' lang='grc' dir='ltr'><strong><em>δέ</em></strong></span> <span class='ocrx_word' id='word_1_137' title='bbox 497 1683 686 1770; x_wconf 86' lang='grc' dir='ltr'><strong><em>στοιχειωτόν</em></strong></span> <span class='ocrx_word' id='word_1_138' title='bbox 711 1686 893 1769; x_wconf 86' lang='grc' dir='ltr'><strong><em>τελειότερον</em></strong></span> <span class='ocrx_word' id='word_1_139' title='bbox 919 1690 962 1761; x_wconf 75' lang='grc' dir='ltr'><strong><em>εἰς</em></strong></span> <span class='ocrx_word' id='word_1_140' title='bbox 983 1691 1091 1752; x_wconf 81' lang='grc' dir='ltr'><strong><em>ἕνωσιν</em></strong></span> <span class='ocrx_word' id='word_1_141' title='bbox 1108 1687 1178 1752; x_wconf 85' lang='grc' dir='ltr'><strong><em>συνέ·</em></strong></span> 
     </span>
     <span class='ocr_line' id='line_1_15' title="bbox 116 1791 1179 1881; baseline -0.002 -22"><span class='ocrx_word' id='word_1_142' title='bbox 116 1820 260 1881; x_wconf 87' lang='grc' dir='ltr'><strong><em>σφιγκται</em></strong></span> <span class='ocrx_word' id='word_1_143' title='bbox 271 1797 323 1860; x_wconf 82' lang='grc' dir='ltr'><strong><em>καὶ</em></strong></span> <span class='ocrx_word' id='word_1_144' title='bbox 338 1804 442 1880; x_wconf 73' lang='grc' dir='ltr'><strong><em>συγχεῖ</em></strong></span> <span class='ocrx_word' id='word_1_145' title='bbox 451 1792 491 1859; x_wconf 81' lang='grc' dir='ltr'><strong><em>τόν</em></strong></span> <span class='ocrx_word' id='word_1_146' title='bbox 505 1805 634 1880; x_wconf 85' lang='grc' dir='ltr'><strong><em>στοιχεῖα</em></strong></span> <span class='ocrx_word' id='word_1_147' title='bbox 652 1794 702 1860; x_wconf 84' lang='grc' dir='ltr'><strong><em>καὶ</em></strong></span> <span class='ocrx_word' id='word_1_148' title='bbox 724 1798 788 1861; x_wconf 77' lang='grc' dir='ltr'><strong><em>ἑνοῖ</em></strong></span> <span class='ocrx_word' id='word_1_149' title='bbox 805 1793 880 1877; x_wconf 85' lang='grc' dir='ltr'><strong><em>πρὸς</em></strong></span> <span class='ocrx_word' id='word_1_150' title='bbox 900 1791 990 1861; x_wconf 79' lang='grc' dir='ltr'><strong><em>ἑαυτό</em></strong></span> <span class='ocrx_word' id='word_1_151' title='bbox 1011 1796 1064 1860; x_wconf 83' lang='grc' dir='ltr'><strong><em>καλ</em></strong></span> <span class='ocrx_word' id='word_1_152' title='bbox 1084 1792 1135 1860; x_wconf 78' lang='grc' dir='ltr'><strong><em>οἷα</em></strong></span> <span class='ocrx_word' id='word_1_153' title='bbox 1152 1793 1179 1879; x_wconf 76' lang='grc' dir='ltr'><strong><em>ἑᾷ</em></strong></span> 
     </span>
     <span class='ocr_line' id='line_1_16' title="bbox 114 1896 1180 1987; baseline -0.006 -18"><span class='ocrx_word' id='word_1_154' title='bbox 114 1903 188 1987; x_wconf 77' lang='grc' dir='ltr'><strong><em>μεθ’</em></strong></span> <span class='ocrx_word' id='word_1_155' title='bbox 209 1899 298 1969; x_wconf 80' lang='grc' dir='ltr'><strong><em>ἑαυτό</em></strong></span> <span class='ocrx_word' id='word_1_156' title='bbox 320 1897 468 1986; x_wconf 74' lang='grc' dir='ltr'><strong><em>τετάχθαι</em></strong></span> <span class='ocrx_word' id='word_1_157' title='bbox 488 1904 587 1970; x_wconf 76' lang='grc' dir='ltr'><strong><em>ἐκεῖνα</em></strong></span> <span class='ocrx_word' id='word_1_158' title='bbox 608 1901 687 1967; x_wconf 88' lang='grc' dir='ltr'><strong><em>κατά</em></strong></span> <span class='ocrx_word' id='word_1_159' title='bbox 705 1899 875 1987; x_wconf 79' lang='grc' dir='ltr'><strong><em>ἀλήθειαν,</em></strong></span> <span class='ocrx_word' id='word_1_160' title='bbox 906 1900 984 1967; x_wconf 84' lang='grc' dir='ltr'><strong><em>ἀλλά</em></strong></span> <span class='ocrx_word' id='word_1_161' title='bbox 1002 1904 1099 1970; x_wconf 82' lang='grc' dir='ltr'><strong><em>τελεῖν</em></strong></span> <span class='ocrx_word' id='word_1_162' title='bbox 1116 1896 1180 1967; x_wconf 81' lang='grc' dir='ltr'><strong><em>αάτιλ</em></strong></span> 
     </span>
     <span class='ocr_line' id='line_1_17' title="bbox 113 2006 1178 2096; baseline 0 -20"><span class='ocrx_word' id='word_1_163' title='bbox 113 2010 272 2096; x_wconf 77' lang='grc' dir='ltr'><strong><em>ἀναγκάζει</em></strong></span> <span class='ocrx_word' id='word_1_164' title='bbox 296 2006 372 2094; x_wconf 86' lang='grc' dir='ltr'><strong><em>πρὸς</em></strong></span> <span class='ocrx_word' id='word_1_165' title='bbox 396 2006 451 2096; x_wconf 73' lang='grc' dir='ltr'><strong><em>τὴν</em></strong></span> <span class='ocrx_word' id='word_1_166' title='bbox 477 2016 588 2077; x_wconf 76' lang='grc' dir='ltr'><strong><em>οἰκείαν</em></strong></span> <span class='ocrx_word' id='word_1_167' title='bbox 610 2007 788 2079; x_wconf 76' lang='grc' dir='ltr'><strong><em>ὑπόστασιν.</em></strong></span> <span class='ocrx_word' id='word_1_168' title='bbox 838 2011 896 2080; x_wconf 92' lang='grc' dir='ltr'><strong><em>Διδ</em></strong></span> <span class='ocrx_word' id='word_1_169' title='bbox 921 2013 974 2078; x_wconf 80' lang='grc' dir='ltr'><strong><em>ιιαδ</em></strong></span> <span class='ocrx_word' id='word_1_170' title='bbox 999 2010 1104 2079; x_wconf 82' lang='grc' dir='ltr'><strong><em>πολλὰ</em></strong></span> <span class='ocrx_word' id='word_1_171' title='bbox 1121 2007 1178 2076; x_wconf 85' lang='grc' dir='ltr'><strong><em>όντν</em></strong></span> 
     </span>
     <span class='ocr_line' id='line_1_18' title="bbox 113 2112 1176 2206; baseline -0.004 -20"><span class='ocrx_word' id='word_1_172' title='bbox 113 2119 217 2202; x_wconf 80' lang='grc' dir='ltr'><strong><em>φύσει,</em></strong></span> <span class='ocrx_word' id='word_1_173' title='bbox 241 2117 319 2204; x_wconf 78' lang='grc' dir='ltr'><strong><em>ὅμως</em></strong></span> <span class='ocrx_word' id='word_1_174' title='bbox 340 2126 374 2187; x_wconf 79' lang='grc' dir='ltr'><strong><em>ἓν</em></strong></span> <span class='ocrx_word' id='word_1_175' title='bbox 391 2125 521 2205; x_wconf 84' lang='grc' dir='ltr'><strong><em>γίγνεται</em></strong></span> <span class='ocrx_word' id='word_1_176' title='bbox 539 2117 654 2202; x_wconf 88' lang='grc' dir='ltr'><strong><em>πάντα,</em></strong></span> <span class='ocrx_word' id='word_1_177' title='bbox 673 2122 774 2188; x_wconf 82' lang='grc' dir='ltr'><strong><em>καὶού</em></strong></span> <span class='ocrx_word' id='word_1_178' title='bbox 795 2118 831 2187; x_wconf 90' lang='grc' dir='ltr'><strong><em>τό</em></strong></span> <span class='ocrx_word' id='word_1_179' title='bbox 849 2126 942 2206; x_wconf 83' lang='grc' dir='ltr'><strong><em>μίγμα</em></strong></span> <span class='ocrx_word' id='word_1_180' title='bbox 958 2119 1054 2206; x_wconf 81' lang='grc' dir='ltr'><strong><em>ἀλλο,</em></strong></span> <span class='ocrx_word' id='word_1_181' title='bbox 1084 2123 1133 2187; x_wconf 83' lang='grc' dir='ltr'><strong><em>καλ</em></strong></span> <span class='ocrx_word' id='word_1_182' title='bbox 1149 2112 1176 2183; x_wconf 86' lang='grc' dir='ltr'><strong><em>τό</em></strong></span> 
     </span>
     <span class='ocr_line' id='line_1_19' title="bbox 114 2224 1178 2320; baseline -0.003 -25"><span class='ocrx_word' id='word_1_183' title='bbox 114 2226 304 2314; x_wconf 84' lang='grc' dir='ltr'><strong><em>στοιχειοπόν</em></strong></span> <span class='ocrx_word' id='word_1_184' title='bbox 322 2224 417 2307; x_wconf 83' lang='grc' dir='ltr'><strong><em>ἀλλο,</em></strong></span> <span class='ocrx_word' id='word_1_185' title='bbox 437 2226 478 2303; x_wconf 80' lang='grc' dir='ltr'><strong><em>ὡς</em></strong></span> <span class='ocrx_word' id='word_1_186' title='bbox 497 2228 555 2295; x_wconf 86' lang='grc' dir='ltr'><strong><em>νῦν</em></strong></span> <span class='ocrx_word' id='word_1_187' title='bbox 574 2227 745 2320; x_wconf 85' lang='grc' dir='ltr'><strong><em>διελέγομεν</em></strong></span> <span class='ocrx_word' id='word_1_188' title='bbox 764 2236 916 2314; x_wconf 80' lang='grc' dir='ltr'><strong><em>σαφηνίας</em></strong></span> <span class='ocrx_word' id='word_1_189' title='bbox 936 2234 1055 2310; x_wconf 82' lang='grc' dir='ltr'><strong><em>εἵνεκα,</em></strong></span> <span class='ocrx_word' id='word_1_190' title='bbox 1076 2226 1178 2295; x_wconf 88' lang='grc' dir='ltr'><strong><em>πολλο-</em></strong></span> 
     </span>
    </p>

    <p class='ocr_par' dir='ltr' id='par_1_4' title="bbox 30 2332 1197 2748">
     <span class='ocr_line' id='line_1_20' title="bbox 30 2332 1179 2423; baseline -0.004 -21"><span class='ocrx_word' id='word_1_191' title='bbox 30 2339 41 2359; x_wconf 78' lang='grc'><strong><em>““</em></strong></span> <span class='ocrx_word' id='word_1_192' title='bbox 109 2342 145 2422; x_wconf 78' lang='grc' dir='ltr'><strong><em>χῖγ</em></strong></span> <span class='ocrx_word' id='word_1_193' title='bbox 160 2336 345 2423; x_wconf 80' lang='grc' dir='ltr'><strong><em>τρεπόμενοι</em></strong></span> <span class='ocrx_word' id='word_1_194' title='bbox 371 2332 490 2403; x_wconf 85' lang='grc' dir='ltr'><strong><em>·Ἀλλά</em></strong></span> <span class='ocrx_word' id='word_1_195' title='bbox 511 2336 545 2409; x_wconf 89' lang='grc' dir='ltr'><strong><em>τό</em></strong></span> <span class='ocrx_word' id='word_1_196' title='bbox 570 2332 793 2422; x_wconf 86' lang='grc' dir='ltr'><strong><em>στοιχειωτό</em></strong></span> <span class='ocrx_word' id='word_1_197' title='bbox 799 2362 817 2402; x_wconf 93' lang='grc' dir='ltr'><strong><em>ν</em></strong></span> <span class='ocrx_word' id='word_1_198' title='bbox 836 2340 901 2402; x_wconf 79' lang='grc' dir='ltr'><strong><em>ἐστι</em></strong></span> <span class='ocrx_word' id='word_1_199' title='bbox 918 2337 972 2422; x_wconf 83' lang='grc' dir='ltr'><strong><em>μὲν</em></strong></span> <span class='ocrx_word' id='word_1_200' title='bbox 992 2344 1026 2403; x_wconf 85' lang='grc' dir='ltr'><strong><em>ἓν</em></strong></span> <span class='ocrx_word' id='word_1_201' title='bbox 1045 2339 1097 2403; x_wconf 80' lang='grc' dir='ltr'><strong><em>καὶ</em></strong></span> <span class='ocrx_word' id='word_1_202' title='bbox 1113 2333 1179 2402; x_wconf 90' lang='grc' dir='ltr'><strong><em>πολ-</em></strong></span> 
     </span>
     <span class='ocr_line' id='line_1_21' title="bbox 109 2441 1178 2533; baseline -0.005 -22"><span class='ocrx_word' id='word_1_203' title='bbox 109 2445 162 2524; x_wconf 85' lang='grc' dir='ltr'><strong><em>λά,</em></strong></span> <span class='ocrx_word' id='word_1_204' title='bbox 191 2443 268 2511; x_wconf 83' lang='grc' dir='ltr'><strong><em>ἀλλά</em></strong></span> <span class='ocrx_word' id='word_1_205' title='bbox 289 2448 508 2530; x_wconf 85' lang='grc' dir='ltr'><strong><em>συνεσφιγμένα</em></strong></span> <span class='ocrx_word' id='word_1_206' title='bbox 529 2449 569 2529; x_wconf 81' lang='grc' dir='ltr'><strong><em>τῷ</em></strong></span> <span class='ocrx_word' id='word_1_207' title='bbox 589 2446 633 2510; x_wconf 81' lang='grc' dir='ltr'><strong><em>ἑνὶ</em></strong></span> <span class='ocrx_word' id='word_1_208' title='bbox 654 2441 693 2510; x_wconf 82' lang='grc' dir='ltr'><strong><em>τό</em></strong></span> <span class='ocrx_word' id='word_1_209' title='bbox 715 2442 817 2511; x_wconf 86' lang='grc' dir='ltr'><strong><em>πολλά</em></strong></span> <span class='ocrx_word' id='word_1_210' title='bbox 837 2446 888 2511; x_wconf 78' lang='grc' dir='ltr'><strong><em>καλ</em></strong></span> <span class='ocrx_word' id='word_1_211' title='bbox 909 2444 946 2510; x_wconf 83' lang='grc' dir='ltr'><strong><em>οά</em></strong></span> <span class='ocrx_word' id='word_1_212' title='bbox 965 2447 1178 2533; x_wconf 78' lang='grc' dir='ltr'><strong><em>συγχωρούμενα</em></strong></span> 
     </span>
     <span class='ocr_line' id='line_1_22' title="bbox 107 2539 1197 2636; baseline -0.004 -16"><span class='ocrx_word' id='word_1_213' title='bbox 107 2553 209 2620; x_wconf 82' lang='grc' dir='ltr'><strong><em>πολλὰ</em></strong></span> <span class='ocrx_word' id='word_1_214' title='bbox 229 2552 333 2629; x_wconf 80' lang='grc' dir='ltr'><strong><em>ἁπλῶς</em></strong></span> <span class='ocrx_word' id='word_1_215' title='bbox 352 2551 445 2632; x_wconf 80' lang='grc' dir='ltr'><strong><em>εἶναι,</em></strong></span> <span class='ocrx_word' id='word_1_216' title='bbox 464 2549 526 2618; x_wconf 82' lang='grc' dir='ltr'><strong><em>ἀλλ’</em></strong></span> <span class='ocrx_word' id='word_1_217' title='bbox 547 2551 682 2636; x_wconf 77' lang='grc' dir='ltr'><strong><em>ἡνωμένα</em></strong></span> <span class='ocrx_word' id='word_1_218' title='bbox 704 2552 757 2617; x_wconf 78' lang='grc' dir='ltr'><strong><em>καὶ</em></strong></span> <span class='ocrx_word' id='word_1_219' title='bbox 777 2551 916 2619; x_wconf 46' lang='grc' dir='ltr'><strong><em>ῧπδιτοῦ</em></strong></span> <span class='ocrx_word' id='word_1_220' title='bbox 936 2548 1005 2629; x_wconf 79' lang='grc' dir='ltr'><strong><em>ἑνός</em></strong></span> <span class='ocrx_word' id='word_1_221' title='bbox 1025 2539 1197 2620; x_wconf 63' lang='grc' dir='ltr'><strong><em>καταπινό</em></strong></span> 
     </span>
     <span class='ocr_line' id='line_1_23' title="bbox 106 2649 1177 2748; baseline -0.001 -22"><span class='ocrx_word' id='word_1_222' title='bbox 106 2687 181 2744; x_wconf 90' lang='grc' dir='ltr'><strong><em>μενα</em></strong></span> <span class='ocrx_word' id='word_1_223' title='bbox 201 2664 253 2726; x_wconf 82' lang='grc' dir='ltr'><strong><em>καὶ</em></strong></span> <span class='ocrx_word' id='word_1_224' title='bbox 274 2664 306 2727; x_wconf 78' lang='grc' dir='ltr'><strong><em>έν</em></strong></span> <span class='ocrx_word' id='word_1_225' title='bbox 325 2662 371 2746; x_wconf 82' lang='grc' dir='ltr'>τηῖ</span> <span class='ocrx_word' id='word_1_226' title='bbox 389 2658 549 2744; x_wconf 81' lang='grc' dir='ltr'><strong><em>ἀδιορίστῳ</em></strong></span> <span class='ocrx_word' id='word_1_227' title='bbox 570 2661 685 2725; x_wconf 72' lang='grc' dir='ltr'><strong><em>ἑστῶτα</em></strong></span> <span class='ocrx_word' id='word_1_228' title='bbox 704 2665 760 2725; x_wconf 80' lang='grc' dir='ltr'><strong><em>τοῦ</em></strong></span> <span class='ocrx_word' id='word_1_229' title='bbox 779 2656 861 2736; x_wconf 78' lang='grc' dir='ltr'><strong><em>ἑνός·</em></strong></span> <span class='ocrx_word' id='word_1_230' title='bbox 892 2649 970 2726; x_wconf 75' lang='grc' dir='ltr'><strong><em>νόσω</em></strong></span> <span class='ocrx_word' id='word_1_231' title='bbox 989 2657 1054 2748; x_wconf 74' lang='grc' dir='ltr'><strong><em>γάρ,</em></strong></span> <span class='ocrx_word' id='word_1_232' title='bbox 1072 2686 1177 2732; x_wconf 85' lang='grc' dir='ltr'><strong><em>παντα-</em></strong></span> 
     </span>
    </p>

    <p class='ocr_par' dir='ltr' id='par_1_5' title="bbox 27 2763 1188 3501">
     <span class='ocr_line' id='line_1_24' title="bbox 27 2763 1176 2856; baseline -0.001 -22"><span class='ocrx_word' id='word_1_233' title='bbox 27 2763 28 2766; x_wconf 33' lang='lat'>&#39;</span> <span class='ocrx_word' id='word_1_234' title='bbox 106 2771 161 2853; x_wconf 84' lang='grc' dir='ltr'><strong><em>χοῦ</em></strong></span> <span class='ocrx_word' id='word_1_235' title='bbox 181 2778 320 2854; x_wconf 82' lang='grc' dir='ltr'><strong><em>φαίνεται</em></strong></span> <span class='ocrx_word' id='word_1_236' title='bbox 340 2772 448 2856; x_wconf 82' lang='grc' dir='ltr'><strong><em>έχοντα</em></strong></span> <span class='ocrx_word' id='word_1_237' title='bbox 469 2763 506 2832; x_wconf 84' lang='grc' dir='ltr'><strong><em>τά</em></strong></span> <span class='ocrx_word' id='word_1_238' title='bbox 523 2779 654 2854; x_wconf 77' lang='grc' dir='ltr'><strong><em>στοιχεῖα</em></strong></span> <span class='ocrx_word' id='word_1_239' title='bbox 674 2766 751 2852; x_wconf 85' lang='grc' dir='ltr'><strong><em>πρός</em></strong></span> <span class='ocrx_word' id='word_1_240' title='bbox 770 2795 803 2835; x_wconf 88' lang='grc' dir='ltr'><strong><em>τε</em></strong></span> <span class='ocrx_word' id='word_1_241' title='bbox 823 2767 960 2853; x_wconf 79' lang='grc' dir='ltr'><strong><em>ἀλληλο,</em></strong></span> <span class='ocrx_word' id='word_1_242' title='bbox 980 2772 1033 2835; x_wconf 81' lang='grc' dir='ltr'><strong><em>καὶ</em></strong></span> <span class='ocrx_word' id='word_1_243' title='bbox 1052 2767 1090 2838; x_wconf 85' lang='grc' dir='ltr'><strong><em>τό</em></strong></span> <span class='ocrx_word' id='word_1_244' title='bbox 1103 2795 1176 2837; x_wconf 83' lang='grc' dir='ltr'><strong><em>στοι·</em></strong></span> 
     </span>
     <span class='ocr_line' id='line_1_25' title="bbox 104 2860 1177 2964; baseline 0.002 -23"><span class='ocrx_word' id='word_1_245' title='bbox 104 2874 243 2959; x_wconf 83' lang='grc' dir='ltr'><strong><em>χειωτδν,</em></strong></span> <span class='ocrx_word' id='word_1_246' title='bbox 275 2877 327 2941; x_wconf 81' lang='grc' dir='ltr'><strong><em>καλ</em></strong></span> <span class='ocrx_word' id='word_1_247' title='bbox 349 2875 404 2941; x_wconf 76' lang='grc' dir='ltr'><strong><em>οὐκ</em></strong></span> <span class='ocrx_word' id='word_1_248' title='bbox 426 2863 508 2942; x_wconf 76' lang='grc' dir='ltr'><strong><em>ἔστιν</em></strong></span> <span class='ocrx_word' id='word_1_249' title='bbox 528 2867 588 2958; x_wconf 79' lang='grc' dir='ltr'><strong><em>ἀλη</em></strong></span> <span class='ocrx_word' id='word_1_250' title='bbox 608 2878 704 2940; x_wconf 80' lang='grc' dir='ltr'><strong><em>ταῦτα</em></strong></span> <span class='ocrx_word' id='word_1_251' title='bbox 724 2879 856 2942; x_wconf 79' lang='grc' dir='ltr'><strong><em>ἐκείνου·</em></strong></span> <span class='ocrx_word' id='word_1_252' title='bbox 885 2874 956 2940; x_wconf 81' lang='grc' dir='ltr'><strong><em>οὐδὲ</em></strong></span> <span class='ocrx_word' id='word_1_253' title='bbox 980 2860 1036 2964; x_wconf 77' lang='grc' dir='ltr'><strong><em>γὰρ</em></strong></span> <span class='ocrx_word' id='word_1_254' title='bbox 1056 2875 1177 2961; x_wconf 77' lang='grc' dir='ltr'><strong><em>τὰμέρη</em></strong></span> 
     </span>
     <span class='ocr_line' id='line_1_26' title="bbox 103 2977 1177 3069; baseline -0.001 -20"><span class='ocrx_word' id='word_1_255' title='bbox 103 2989 160 3049; x_wconf 83' lang='grc' dir='ltr'><strong><em>τοῦ</em></strong></span> <span class='ocrx_word' id='word_1_256' title='bbox 180 2977 271 3063; x_wconf 84' lang='grc' dir='ltr'><strong><em>όλου,</em></strong></span> <span class='ocrx_word' id='word_1_257' title='bbox 293 2982 363 3049; x_wconf 81' lang='grc' dir='ltr'><strong><em>οὐδὲ</em></strong></span> <span class='ocrx_word' id='word_1_258' title='bbox 382 2979 419 3049; x_wconf 88' lang='grc' dir='ltr'><strong><em>τά</em></strong></span> <span class='ocrx_word' id='word_1_259' title='bbox 437 2981 503 3069; x_wconf 81' lang='grc' dir='ltr'><strong><em>εἴδη</em></strong></span> <span class='ocrx_word' id='word_1_260' title='bbox 523 2986 577 3047; x_wconf 78' lang='grc' dir='ltr'><strong><em>τοῦ</em></strong></span> <span class='ocrx_word' id='word_1_261' title='bbox 589 2983 704 3058; x_wconf 85' lang='grc' dir='ltr'><strong><em>παντός</em></strong></span> <span class='ocrx_word' id='word_1_262' title='bbox 724 2981 762 3048; x_wconf 84' lang='grc' dir='ltr'><strong><em>ἀν</em></strong></span> <span class='ocrx_word' id='word_1_263' title='bbox 775 2982 925 3069; x_wconf 75' lang='grc' dir='ltr'><strong><em>ῥηθέντος</em></strong></span> <span class='ocrx_word' id='word_1_264' title='bbox 945 2983 1012 3051; x_wconf 83' lang='grc' dir='ltr'><strong><em>ἀντὶ</em></strong></span> <span class='ocrx_word' id='word_1_265' title='bbox 1029 2987 1086 3052; x_wconf 79' lang='grc' dir='ltr'><strong><em>τοῦ</em></strong></span> <span class='ocrx_word' id='word_1_266' title='bbox 1099 2979 1177 3057; x_wconf 84' lang='grc' dir='ltr'><strong><em>όλοο,</em></strong></span> 
     </span>
     <span class='ocr_line' id='line_1_27' title="bbox 102 3086 1178 3186; baseline 0 -30"><span class='ocrx_word' id='word_1_267' title='bbox 102 3089 181 3158; x_wconf 86' lang='grc' dir='ltr'><strong><em>ἀλλά</em></strong></span> <span class='ocrx_word' id='word_1_268' title='bbox 199 3091 292 3178; x_wconf 81' lang='grc' dir='ltr'><strong><em>μόνον</em></strong></span> <span class='ocrx_word' id='word_1_269' title='bbox 312 3086 372 3186; x_wconf 77' lang='grc' dir='ltr'><strong><em>όλη</em></strong></span> <span class='ocrx_word' id='word_1_270' title='bbox 392 3090 611 3175; x_wconf 74' lang='grc' dir='ltr'><strong><em>ἀναλογοῦντα,</em></strong></span> <span class='ocrx_word' id='word_1_271' title='bbox 633 3092 744 3171; x_wconf 77' lang='grc' dir='ltr'><strong><em>καλῶς</em></strong></span> <span class='ocrx_word' id='word_1_272' title='bbox 766 3097 822 3157; x_wconf 82' lang='grc' dir='ltr'><strong><em>τοῦ</em></strong></span> <span class='ocrx_word' id='word_1_273' title='bbox 843 3092 943 3166; x_wconf 80' lang='grc' dir='ltr'><strong><em>εἴδους</em></strong></span> <span class='ocrx_word' id='word_1_274' title='bbox 963 3096 1093 3159; x_wconf 81' lang='grc' dir='ltr'><strong><em>ἑκάστου</em></strong></span> <span class='ocrx_word' id='word_1_275' title='bbox 1110 3087 1178 3178; x_wconf 84' lang='grc' dir='ltr'><strong><em>πρός</em></strong></span> 
     </span>
     <span class='ocr_line' id='line_1_28' title="bbox 101 3188 1176 3287; baseline 0.004 -22"><span class='ocrx_word' id='word_1_276' title='bbox 101 3195 136 3265; x_wconf 89' lang='grc' dir='ltr'><strong><em>τό</em></strong></span> <span class='ocrx_word' id='word_1_277' title='bbox 157 3206 189 3264; x_wconf 79' lang='grc' dir='ltr'><strong><em>ἓν</em></strong></span> <span class='ocrx_word' id='word_1_278' title='bbox 209 3197 247 3266; x_wconf 89' lang='grc' dir='ltr'><strong><em>τό</em></strong></span> <span class='ocrx_word' id='word_1_279' title='bbox 266 3199 411 3286; x_wconf 74' lang='grc' dir='ltr'><strong><em>πλῆθος,</em></strong></span> <span class='ocrx_word' id='word_1_280' title='bbox 431 3201 464 3276; x_wconf 81' lang='grc' dir='ltr'><strong><em>ἒξ</em></strong></span> <span class='ocrx_word' id='word_1_281' title='bbox 481 3190 573 3287; x_wconf 83' lang='grc' dir='ltr'><strong><em>ὧντδ</em></strong></span> <span class='ocrx_word' id='word_1_282' title='bbox 593 3188 665 3263; x_wconf 81' lang='grc' dir='ltr'><strong><em>δλον</em></strong></span> <span class='ocrx_word' id='word_1_283' title='bbox 692 3198 773 3276; x_wconf 82' lang='grc' dir='ltr'><strong><em>εἶδος</em></strong></span> <span class='ocrx_word' id='word_1_284' title='bbox 783 3207 816 3265; x_wconf 81' lang='grc' dir='ltr'><strong><em>ἓν</em></strong></span> <span class='ocrx_word' id='word_1_285' title='bbox 835 3201 887 3265; x_wconf 85' lang='grc' dir='ltr'><strong><em>καὶ</em></strong></span> <span class='ocrx_word' id='word_1_286' title='bbox 904 3196 1005 3267; x_wconf 86' lang='grc' dir='ltr'><strong><em>πολλά</em></strong></span> <span class='ocrx_word' id='word_1_287' title='bbox 1027 3199 1176 3278; x_wconf 83' lang='grc' dir='ltr'><strong><em>συνεστός·</em></strong></span> 
     </span>
     <span class='ocr_line' id='line_1_29' title="bbox 102 3299 1188 3396; baseline 0.001 -25"><span class='ocrx_word' id='word_1_288' title='bbox 102 3299 251 3391; x_wconf 79' lang='grc' dir='ltr'><strong><em>οδτωγάρ</em></strong></span> <span class='ocrx_word' id='word_1_289' title='bbox 270 3309 323 3373; x_wconf 78' lang='grc' dir='ltr'><strong><em>καὶ</em></strong></span> <span class='ocrx_word' id='word_1_290' title='bbox 342 3303 377 3373; x_wconf 90' lang='grc' dir='ltr'><strong><em>τό</em></strong></span> <span class='ocrx_word' id='word_1_291' title='bbox 397 3303 645 3391; x_wconf 88' lang='grc' dir='ltr'><strong><em>στοιχειωτδν</em></strong></span> <span class='ocrx_word' id='word_1_292' title='bbox 664 3312 697 3373; x_wconf 78' lang='grc' dir='ltr'><strong><em>ἓν</em></strong></span> <span class='ocrx_word' id='word_1_293' title='bbox 716 3309 768 3373; x_wconf 82' lang='grc' dir='ltr'><strong><em>καὶ</em></strong></span> <span class='ocrx_word' id='word_1_294' title='bbox 788 3306 889 3374; x_wconf 75' lang='grc' dir='ltr'><strong><em>πολλοὶ</em></strong></span> <span class='ocrx_word' id='word_1_295' title='bbox 907 3315 1128 3396; x_wconf 84' lang='grc' dir='ltr'><strong><em>συγκεκραμένα</em></strong></span> <span class='ocrx_word' id='word_1_296' title='bbox 1146 3306 1188 3373; x_wconf 78' lang='grc' dir='ltr'><strong><em>δέ</em></strong></span> 
     </span>
     <span class='ocr_line' id='line_1_30' title="bbox 99 3410 1175 3501; baseline 0.003 -21"><span class='ocrx_word' id='word_1_297' title='bbox 99 3414 138 3481; x_wconf 81' lang='grc' dir='ltr'><strong><em>τά</em></strong></span> <span class='ocrx_word' id='word_1_298' title='bbox 156 3415 259 3482; x_wconf 82' lang='grc' dir='ltr'><strong><em>πολλά</em></strong></span> <span class='ocrx_word' id='word_1_299' title='bbox 278 3410 330 3481; x_wconf 87' lang='grc' dir='ltr'><strong><em>διά</em></strong></span> <span class='ocrx_word' id='word_1_300' title='bbox 349 3412 403 3501; x_wconf 78' lang='grc' dir='ltr'><strong><em>τέγν</em></strong></span> <span class='ocrx_word' id='word_1_301' title='bbox 422 3417 479 3481; x_wconf 80' lang='grc' dir='ltr'><strong><em>τοῦ</em></strong></span> <span class='ocrx_word' id='word_1_302' title='bbox 498 3412 564 3489; x_wconf 77' lang='grc' dir='ltr'><strong><em>ἑνός</em></strong></span> <span class='ocrx_word' id='word_1_303' title='bbox 584 3412 780 3500; x_wconf 80' lang='grc' dir='ltr'><strong><em>ἐπικράτειαν,</em></strong></span> <span class='ocrx_word' id='word_1_304' title='bbox 801 3415 841 3490; x_wconf 81' lang='grc' dir='ltr'><strong><em>ὡς</em></strong></span> <span class='ocrx_word' id='word_1_305' title='bbox 861 3417 912 3481; x_wconf 80' lang='grc' dir='ltr'><strong><em>έάν</em></strong></span> <span class='ocrx_word' id='word_1_306' title='bbox 923 3442 956 3500; x_wconf 88' lang='grc' dir='ltr'><strong><em>γε</em></strong></span> <span class='ocrx_word' id='word_1_307' title='bbox 968 3413 1016 3482; x_wconf 81' lang='grc' dir='ltr'><strong><em>τό</em></strong></span> <span class='ocrx_word' id='word_1_308' title='bbox 1038 3424 1072 3483; x_wconf 76' lang='grc' dir='ltr'><strong><em>ἓν</em></strong></span> <span class='ocrx_word' id='word_1_309' title='bbox 1092 3421 1175 3483; x_wconf 81' lang='grc' dir='ltr'><strong><em>τοῦτο</em></strong></span> 
     </span>
    </p>

    <p class='ocr_par' dir='ltr' id='par_1_6' title="bbox 15 3521 1176 3829">
     <span class='ocr_line' id='line_1_31' title="bbox 15 3521 1176 3624; baseline 0 -34"><span class='ocrx_word' id='word_1_310' title='bbox 15 3568 78 3624; x_wconf 54' lang='lat' dir='ltr'><strong><em>pag,</em></strong></span> <span class='ocrx_word' id='word_1_311' title='bbox 97 3522 258 3620; x_wconf 82' lang='grc' dir='ltr'><strong><em>παραλόση</em></strong></span> <span class='ocrx_word' id='word_1_312' title='bbox 283 3522 338 3608; x_wconf 70' lang='grc' dir='ltr'><strong><em>τήν</em></strong></span> <span class='ocrx_word' id='word_1_313' title='bbox 365 3525 478 3589; x_wconf 82' lang='grc' dir='ltr'><strong><em>ἑαυτοῦ</em></strong></span> <span class='ocrx_word' id='word_1_314' title='bbox 500 3521 657 3608; x_wconf 82' lang='grc' dir='ltr'><strong><em>ἀπλότητα</em></strong></span> <span class='ocrx_word' id='word_1_315' title='bbox 685 3523 738 3589; x_wconf 81' lang='grc' dir='ltr'><strong><em>καλ</em></strong></span> <span class='ocrx_word' id='word_1_316' title='bbox 763 3522 828 3588; x_wconf 83' lang='grc' dir='ltr'><strong><em>οἷον</em></strong></span> <span class='ocrx_word' id='word_1_317' title='bbox 856 3528 1001 3618; x_wconf 71' lang='grc' dir='ltr'><strong><em>κρατηθῇ</em></strong></span> <span class='ocrx_word' id='word_1_318' title='bbox 1029 3522 1094 3592; x_wconf 77' lang='grc' dir='ltr'><strong><em>ὑπό</em></strong></span> <span class='ocrx_word' id='word_1_319' title='bbox 1122 3529 1176 3591; x_wconf 82' lang='grc' dir='ltr'><strong><em>τάν</em></strong></span> 
     </span>
     <span class='ocr_line' id='line_1_32' title="bbox 20 3621 1174 3718; baseline -0.004 -18"><span class='ocrx_word' id='word_1_320' title='bbox 20 3621 76 3674; x_wconf 76' lang='lat'><strong>¹5⁰·</strong></span> <span class='ocrx_word' id='word_1_321' title='bbox 97 3633 222 3700; x_wconf 74' lang='grc' dir='ltr'><strong><em>πολλῶν</em></strong></span> <span class='ocrx_word' id='word_1_322' title='bbox 240 3627 521 3702; x_wconf 85' lang='grc' dir='ltr'><strong><em>διαστασιασάντων</em></strong></span> <span class='ocrx_word' id='word_1_323' title='bbox 533 3627 611 3716; x_wconf 79' lang='grc' dir='ltr'><strong><em>πρός</em></strong></span> <span class='ocrx_word' id='word_1_324' title='bbox 630 3629 720 3698; x_wconf 84' lang='grc' dir='ltr'><strong><em>αάτά·</em></strong></span> <span class='ocrx_word' id='word_1_325' title='bbox 753 3627 830 3696; x_wconf 83' lang='grc' dir='ltr'><strong><em>κατά</em></strong></span> <span class='ocrx_word' id='word_1_326' title='bbox 850 3631 884 3698; x_wconf 81' lang='grc' dir='ltr'><strong><em>δὲ</em></strong></span> <span class='ocrx_word' id='word_1_327' title='bbox 912 3628 948 3698; x_wconf 84' lang='grc' dir='ltr'><strong><em>τό</em></strong></span> <span class='ocrx_word' id='word_1_328' title='bbox 970 3631 1174 3718; x_wconf 86' lang='grc' dir='ltr'><strong><em>ἀληθέστερον</em></strong></span> 
     </span>
     <span class='ocr_line' id='line_1_33' title="bbox 96 3735 1172 3829; baseline -0.006 -20"><span class='ocrx_word' id='word_1_329' title='bbox 96 3745 308 3829; x_wconf 85' lang='grc' dir='ltr'><strong><em>μιμησαμένων</em></strong></span> <span class='ocrx_word' id='word_1_330' title='bbox 328 3738 405 3807; x_wconf 84' lang='grc' dir='ltr'><strong><em>αὖτά</em></strong></span> <span class='ocrx_word' id='word_1_331' title='bbox 424 3735 501 3806; x_wconf 84' lang='grc' dir='ltr'><strong><em>κατά</em></strong></span> <span class='ocrx_word' id='word_1_332' title='bbox 526 3738 580 3825; x_wconf 79' lang='grc' dir='ltr'><strong><em>την</em></strong></span> <span class='ocrx_word' id='word_1_333' title='bbox 600 3739 679 3806; x_wconf 80' lang='grc' dir='ltr'><strong><em>ἴδιον</em></strong></span> <span class='ocrx_word' id='word_1_334' title='bbox 700 3738 828 3807; x_wconf 81' lang='grc' dir='ltr'><strong><em>ἑκάστου</em></strong></span> <span class='ocrx_word' id='word_1_335' title='bbox 848 3739 1044 3829; x_wconf 83' lang='grc' dir='ltr'><strong><em>περιγραφήν.</em></strong></span> <span class='ocrx_word' id='word_1_336' title='bbox 1069 3763 1072 3769; x_wconf 84' lang='grc'><strong><em>’</em></strong></span> <span class='ocrx_word' id='word_1_337' title='bbox 1092 3742 1172 3806; x_wconf 79' lang='grc' dir='ltr'><strong><em>τότε</em></strong></span> 
     </span>
    </p>
   </div>
   <div class='ocr_carea' id='block_1_3' title="bbox 6 3941 1185 4153">
    <p class='ocr_par' dir='ltr' id='par_1_7' title="bbox 6 3941 1185 4153">
     <span class='ocr_line' id='line_1_34' title="bbox 62 3941 1168 4019; baseline -0.005 -19"><span class='ocrx_word' id='word_1_338' title='bbox 62 3965 66 3978; x_wconf 74' lang='grc'><em>“</em></span> <span class='ocrx_word' id='word_1_339' title='bbox 103 3964 109 3972; x_wconf 91' lang='grc'><em>’</em></span> <span class='ocrx_word' id='word_1_340' title='bbox 163 3947 194 4015; x_wconf 80' lang='grc'><strong><em>5)</em></strong></span> <span class='ocrx_word' id='word_1_341' title='bbox 219 3946 293 4001; x_wconf 78' lang='lat' dir='ltr'><strong>Mon.</strong></span> <span class='ocrx_word' id='word_1_342' title='bbox 312 3946 451 4019; x_wconf 74' lang='grc' dir='ltr'><strong><em>ὑφεστήκῃ.</em></strong></span> <span class='ocrx_word' id='word_1_343' title='bbox 471 3945 568 3998; x_wconf 76' lang='lat' dir='ltr'>Hamb.</span> <span class='ocrx_word' id='word_1_344' title='bbox 594 3946 628 3997; x_wconf 81' lang='lat' dir='ltr'><strong><em>ad</em></strong></span> <span class='ocrx_word' id='word_1_345' title='bbox 650 3961 735 4016; x_wconf 76' lang='lat' dir='ltr'><strong>marg.</strong></span> <span class='ocrx_word' id='word_1_346' title='bbox 761 3941 803 3996; x_wconf 82' lang='grc' dir='ltr'><strong><em>ὅτι</em></strong></span> <span class='ocrx_word' id='word_1_347' title='bbox 827 3944 950 3997; x_wconf 78' lang='grc' dir='ltr'><strong><em>καὶκατὰ</em></strong></span> <span class='ocrx_word' id='word_1_348' title='bbox 975 3955 1044 4017; x_wconf 78' lang='grc' dir='ltr'><strong><em>τρεῖς</em></strong></span> <span class='ocrx_word' id='word_1_349' title='bbox 1064 3945 1168 4017; x_wconf 81' lang='grc' dir='ltr'><strong><em>τρόπους</em></strong></span> 
     </span>
     <span class='ocr_line' id='line_1_35' title="bbox 6 4014 1168 4104; baseline -0.005 -34"><span class='ocrx_word' id='word_1_350' title='bbox 6 4073 9 4091; x_wconf 43' lang='lat'>¹</span> <span class='ocrx_word' id='word_1_351' title='bbox 95 4019 126 4104; x_wconf 63' lang='grc' dir='ltr'><strong><em>τό</em></strong></span> <span class='ocrx_word' id='word_1_352' title='bbox 144 4019 184 4070; x_wconf 73' lang='grc' dir='ltr'><strong><em>έντ</em></strong></span> <span class='ocrx_word' id='word_1_353' title='bbox 213 4016 316 4087; x_wconf 80' lang='grc' dir='ltr'><strong><em>ὡραῖον.</em></strong></span> <span class='ocrx_word' id='word_1_354' title='bbox 335 4017 411 4076; x_wconf 75' lang='lat' dir='ltr'><strong>Mon.</strong></span> <span class='ocrx_word' id='word_1_355' title='bbox 439 4014 534 4069; x_wconf 77' lang='lat' dir='ltr'>deinde</span> <span class='ocrx_word' id='word_1_356' title='bbox 558 4031 610 4086; x_wconf 85' lang='lat' dir='ltr'><strong><em>pro</em></strong></span> <span class='ocrx_word' id='word_1_357' title='bbox 634 4019 677 4068; x_wconf 76' lang='grc' dir='ltr'><strong><em>καὶ</em></strong></span> <span class='ocrx_word' id='word_1_358' title='bbox 695 4022 781 4083; x_wconf 77' lang='grc' dir='ltr'><strong><em>συγχεῖ</em></strong></span> <span class='ocrx_word' id='word_1_359' title='bbox 802 4015 836 4067; x_wconf 82' lang='grc' dir='ltr'><strong><em>τὰ</em></strong></span> <span class='ocrx_word' id='word_1_360' title='bbox 854 4033 893 4067; x_wconf 81' lang='grc' dir='ltr'><strong><em>οτ,</em></strong></span> <span class='ocrx_word' id='word_1_361' title='bbox 919 4015 985 4085; x_wconf 78' lang='lat' dir='ltr'><strong>legit</strong></span> <span class='ocrx_word' id='word_1_362' title='bbox 1001 4019 1045 4068; x_wconf 83' lang='grc' dir='ltr'><strong><em>καὶ</em></strong></span> <span class='ocrx_word' id='word_1_363' title='bbox 1062 4020 1168 4082; x_wconf 79' lang='grc' dir='ltr'><strong><em>στοιχεῖα</em></strong></span> 
     </span>
     <span class='ocr_line' id='line_1_36' title="bbox 95 4106 1185 4153; baseline 0.001 -15"><span class='ocrx_word' id='word_1_364' title='bbox 95 4109 127 4138; x_wconf 85' lang='grc' dir='ltr'><strong><em>τα</em></strong></span> <span class='ocrx_word' id='word_1_365' title='bbox 147 4106 268 4153; x_wconf 78' lang='grc' dir='ltr'><strong><em>στοιχεια.</em></strong></span> <span class='ocrx_word' id='word_1_366' title='bbox 330 4140 332 4145; x_wconf 83' lang='grc'><strong><em>,</em></strong></span> <span class='ocrx_word' id='word_1_367' title='bbox 1183 4110 1185 4115; x_wconf 55' lang='lat'><strong>⁴</strong></span> 
     </span>
    </p>
   </div>
   <div class='ocr_carea' id='block_1_4' title="bbox 850 4206 869 4231">
    <p class='ocr_par' dir='ltr' id='par_1_8' title="bbox 850 4206 869 4231">
     <span class='ocr_line' id='line_1_37' title="bbox 850 4206 869 4231; baseline 0 -5"><span class='ocrx_word' id='word_1_368' title='bbox 850 4206 859 4231; x_wconf 70' lang='lat' dir='ltr'><em>l</em></span> <span class='ocrx_word' id='word_1_369' title='bbox 867 4220 869 4226; x_wconf 93' lang='lat'>.</span> 
     </span>
    </p>
   </div>
   <div class='ocr_carea' id='block_1_5' title="bbox 0 0 1298 4672">
    <p class='ocr_par' dir='ltr' id='par_1_9' title="bbox 0 0 1298 4672">
     <span class='ocr_line' id='line_1_38' title="bbox 0 0 1298 4672; baseline 0 9"><span class='ocrx_word' id='word_1_370' title='bbox 0 0 1298 4672; x_wconf 95' lang='lat' dir='ltr'><strong><em> </em></strong></span> 
     </span>
    </p>
   </div>
  </div>
 </body>
</html>
