2588 4666
1066 252 1134 318 225

79 427 119 512 τὴν
132 432 253 516 γνῶσιν·
274 433 340 522 ἔστι
362 427 456 516 χώρη
479 432 584 515 γνώσις
606 433 638 494 έν
659 440 722 505 τοῖς
738 429 898 498 διεστῶσιν
914 430 966 496 ἄπ’
982 428 1136 514 ιλλληλων,

80 533 152 619 W
172 540 289 604 ἑαυτῶν
308 538 359 602 καλ
379 533 531 622 ἑτερότητι
552 533 785 620 διειλημμένοις·
816 522 888 604 όλνεο
908 534 964 621 γώρ
994 531 1133 624 ἑτερότη-

81 669 119 720 τος
141 643 194 710 οόκ
214 643 252 710 όν
280 645 326 730 εἴη
347 642 382 709 τό
406 643 460 729 μέν
485 645 663 728 γιγνώσκοι,
695 639 734 707 ’τό
763 642 796 708 δὲ
822 640 1069 729 γιγνωσκόμενον,
1096 656 1135 709 vd
1188 688 1191 694 -

80 750 105 814 δὲ
123 756 203 835 μέσον
222 753 243 837 ἧ
264 755 386 837 γνῶσις·
401 736 403 743 ,
416 749 538 826 εἰκότως
558 749 613 836 όρα
635 755 666 816 ἐν
693 754 739 834 τῷ
753 750 953 836 προελθόντι
984 754 1036 816 καλ
1067 749 1135 816 δια-

80 862 192 937 κριθέντι
217 862 315 923 ταῦτα
339 858 516 943 ὑφέστηκεν,
544 850 638 942 ώςπερ
666 858 716 921 καλ
736 861 764 921 ολ
786 852 877 922 ἄλλοι
905 856 1055 941 διορισμολ
1083 860 1133 922 ἓν·

80 966 171 1031 κεῦθεν
198 963 357 1052 ἄρχονται,
392 966 444 1029 καλ
472 969 505 1029 αἱ
533 962 625 1029 όλλαι
660 969 784 1050 σχέσεις,
814 958 884 1029 όσαι
917 963 1137 1048 διακεκριμέναι

80 1073 142 1136 ελολν.
165 1070 295 1159 Ἔχουσι
314 1073 367 1157 μὲν
385 1062 505 1137 οὖνκαὶ
522 1076 554 1136 αἱ
575 1069 669 1138 ιλλλαι
688 1071 859 1137 σονδετικόν
877 1098 907 1135 τι
921 1076 1028 1138 τῶνὲν
1041 1072 1138 1160 σχέσει

80 1174 166 1260 ὄντων,
196 1177 328 1265 μόλιστα
353 1180 386 1244 δέ
414 1180 434 1264 ἡ
464 1184 570 1264 γνῶσις
597 1175 632 1244 τό
658 1182 818 1263 γιγνώσκον
845 1179 887 1263 τῷ
913 1186 1138 1266 γιγνωσκομένω

77 1287 219 1353 σαόπτει·
248 1290 300 1353 καὶ
321 1284 376 1372 γάρ
404 1291 528 1357 ἐκτείνει
548 1283 583 1352 τό
588 1291 764 1416 γιγνώσηον
787 1292 830 1360 εἰς
850 1284 885 1351 τό
906 1283 1139 1371 γιγνωσκόμενον

75 1387 138 1455 δι’”
120 1419 226 1476 ερωτος
245 1418 301 1460 του
287 1392 470 1473 ἆληθοῦς,
491 1395 541 1458 καλ
561 1389 596 1458 τό
613 1391 744 1479 γνωστόν
763 1395 948 1477 ἓντέθησιῦ)
970 1398 1014 1478 τῷ
1034 1397 1137 1479 γιγνώ-

74 1520 158 1565 σκοντι
185 1496 292 1565 διώ
256 1525 313 1584 την
334 1505 377 1575 εἰς
398 1499 475 1564 αὐτό
494 1499 548 1564 ἀπ’
568 1503 681 1564 ἐκείνου
694 1496 984 1585 διαθρώσκουσαν
966 1495 1137 1584 αστραπήν·

73 1605 167 1673 καλ
134 1602 216 1736 αότη
242 1632 280 1693 ην
305 1634 325 1691 η
353 1631 496 1692 γιωστικη
524 1606 691 1692 ἒπιστροφη
717 1608 773 1672 τοῦ
800 1601 1007 1690 προελθόντος
1036 1613 1078 1684 εἰς
1102 1588 1140 1671 τό
1167 1670 1170 1682 ,

71 1712 250 1802 παραγαγών,
272 1741 323 1779 και
314 1709 420 1778 καθό
443 1713 478 1779 τό
502 1720 603 1800 ἕτερον
623 1717 682 1779 τοῦ
703 1717 806 1798 ἑτέρου
821 1715 1055 1801 διακέκριται·”
1040 1712 1140 1797 ετερό-

70 1848 148 1908 τητος
169 1819 228 1907 γολρ
247 1816 287 1906 μὴ
310 1817 406 1903 οώσης
427 1815 499 1885 οὐδὲ
527 1824 651 1906 γνῶσις,
677 1811 752 1886 ώστε
772 1821 792 1905 ἡ
816 1821 903 1886 οὗσία
932 1821 989 1886 οὐκ
1009 1817 1048 1886 ιλν
1068 1824 1141 1900 ἑαυ-

68 1925 115 2012 τόν
134 1930 306 2014 γιγνώσκοι,
337 1929 419 2010 εἴπερ
441 1920 553 2012 ἥνωται
573 1925 686 2012 πώντη,
717 1925 784 1992 οὔδ’
805 1923 843 1992 ιλν
863 1924 952 2005 ἄλλο,
983 1923 1140 2019 εἴπεροό·

67 2033 138 2123 δαμῇ
158 2040 224 2102 ἐστι
245 2034 467 2165 διακεκριμένη,
492 2033 531 2107 ώς
559 2037 635 2120 ἔχειν
660 2033 696 2100 τό
726 2033 889 2119 γνωστικόν
921 2032 995 2099 ἄλλο
1026 2034 1076 2097 καλ
1103 2027 1139 2097 τό

67 2141 190 2229 γνωστόν
211 2167 261 2206 και
253 2138 320 2224 δη
341 2167 393 2205 και
409 2166 466 2224 την
481 2143 604 2223 γνῶσιν.
633 2140 678 2207 H
694 2141 727 2206 δὲ
749 2141 808 2222 ζωη
827 2140 947 2226 λέγεται
973 2140 1038 2224 μὲν
1050 2125 1142 2224 νοητη

67 2253 108 2317 καλ
129 2245 222 2336 νοερώ
244 2243 306 2313 ολπό
326 2251 387 2312 τών
408 2244 521 2374 ἄκρων,
546 2246 663 2312 ἔστιδὲ
691 2246 893 2333 οὗδέτερον’
871 2250 1046 2349 ακραιφνώς
1074 2242 1143 2309 ἀλλ’

67 2355 284 2444 ηδιακρλνεται
304 2354 411 2438 μόνον,
437 2355 531 2448 ταέτη
557 2356 609 2419 καλ
638 2358 744 2440 γνῶσιν
771 2355 829 2440 έχει
858 2356 909 2418 καὶ
935 2347 1068 2436 γνωστόν
1093 2351 1144 2416 καλ

67 2459 243 2550 γνωστικόν,
266 2486 302 2526 ου
290 2459 556 2545 ἧδιακεκριμένον,
580 2458 688 2526 ἀλλ’
676 2463 721 2525 ε’τι
749 2456 971 2544 διακρινόμενον
985 2457 1027 2538 ⁷),
1050 2458 1144 2521 τοῦτο

67 2570 93 2639 δέ
108 2576 192 2638 ἐστιν
209 2569 458 2651 δποφαινόμενον.
492 2566 551 2632 Ἐν
572 2564 631 2654 ιλρα
650 2571 695 2653 τῷ
712 2570 755 2650 νῷ
775 2567 883 2651 πρώτῳ
902 2565 922 2649 ἡ
943 2566 1046 2648 πρώτη
1069 2567 1146 2648 γνῶ·

67 2702 120 2759 τις,
143 2673 249 2762 ἐπειδὴ
271 2677 323 2740 καὶ
342 2676 361 2759 ἧ
383 2671 484 2769 πρώτη
511 2671 682 2761 περιγραφή
711 2677 742 2738 έν
760 2671 860 2756 αιλτώ,
885 2671 984 2737 αὐτοῦ
1012 2697 1044 2736 τε
1070 2667 1147 2754 πρός

67 2782 169 2853 ἔαυτόν
190 2785 242 2849 καλ
262 2779 300 2848 τόι
320 2779 379 2869 πρό
401 2784 521 2848 ἑαυτοῦ.
556 2772 610 2847 Ἧι
630 2781 682 2863 μὲν
705 2770 759 2846 οὗν
779 2775 855 2867 πρός
875 2782 974 2843 ἐκεῖνα
992 2778 1148 2859 διεκρίθη,

67 2896 139 2979 ἔγνω
167 2895 281 2970 ἐκεῖνα,
306 2893 396 2955 τοῦτο
418 2889 452 2955 δέ
479 2892 556 2968 ἐστι,
582 2885 745 2971 πόρ’ῥωθεν
771 2890 892 2959 ἐκείνοις
918 2884 1066 2971 συνήφθη
1096 2881 1149 2950 διό
1181 2954 1184 2959 ,

67 3003 115 3084 τῆς
146 2998 296 3083 γνώσεως·
327 2988 346 3079 ἧ
376 2994 409 3060 δὲ
438 2992 513 3076 πρός
544 2989 653 3058 ἔαυτόν
681 2993 731 3058 καλ
760 2992 813 3080 ἀφ’
843 2995 973 3070 ἑαυτοῦ,
999 2985 1091 3084 ταότη
1116 2993 1148 3056 ἓν

67 3106 149 3190 αὗτῷ
170 3101 353 3171 συνάπτεται
374 3098 426 3166 διόι
448 3099 582 3182 γνώσεως
604 3103 635 3164 έν
657 3125 718 3164 τινι
737 3095 895 3165 διαστάσει
921 3102 959 3191 τη
979 3092 1056 3180 πρός
1077 3100 1148 3163 ἑαυ-

67 3210 127 3293 τόν,
149 3212 203 3276 καλ
223 3207 261 3275 τό
283 3213 315 3275 έν
335 3207 417 3292 αὐτῷ
438 3205 475 3290 δη
498 3204 573 3294 πρός
594 3203 713 3334 ἄλληλα
741 3207 792 3270 καλ
812 3200 888 3290 πρός
914 3200 967 3268 τόν
995 3196 1067 3270 ’όλον
1092 3201 1150 3268 αὖ·
1198 3296 1200 3298 χ

67 3318 117 3386 τόν
148 3324 276 3383 ἕκαστον
305 3315 352 3381 διέ
337 3318 408 3399 έστη
443 3316 494 3379 καλ
528 3312 709 3399 περιεγρόφη
741 3307 791 3376 διό
822 3314 915 3376 τοῦτο
946 3311 998 3376 καλ
1031 3307 1150 3395 όλληλα

67 3418 219 3557 γιγνώσκει
238 3423 289 3486 καλ
308 3417 361 3487 τόν
374 3421 399 3502 8)
422 3410 512 3487 όλον·
540 3415 610 3495 όλος
630 3419 736 3483 δὲκαὶ
756 3421 817 3493 πολς
842 3421 874 3482 ἐν
895 3415 1041 3522 διαιρέσει
1061 3441 1149 3513 γεγο-

69 3528 121 3610 ιώς
142 3531 196 3598 καλ
221 3533 390 3618 περιγραφῇ
415 3526 536 3603 εἰκότως
563 3517 641 3602 όλως
661 3527 713 3590 καλ
738 3529 798 3600 πᾶς
825 3521 959 3610 γνώσεώς
986 3550 1020 3589 τε
1048 3547 1151 3607 περιε·

134 3757 321 3824 όγᾶκτέθησι.
347 3757 388 3810 εἰσ
406 3756 481 3808 Μοσ.
501 3765 527 3806 et
547 3752 660 3805 inferius
679 3755 717 3803 έτι
734 3749 822 3803 δὲ.-
841 3751 871 3819 7)
895 3750 969 3803 Mon
996 3764 1075 3802 voco.
1094 3747 1151 3800 ἀλλ’

78 3829 108 3879 λιι
128 3827 339 3912 διακρινόμενον
356 3828 472 3911 itemque
489 3845 506 3890 η
522 3822 622 3892 πρώτη
634 3841 674 3890 γν.
696 3825 735 3873 ἐπ.
755 3841 778 3871 κ.
797 3819 874 3888 ηπρ
891 3836 917 3870 τι.
936 3823 962 3870 ἐν
987 3816 1056 3884 αετῷ
1087 3819 1153 3868 omi·

82 3897 122 3963 uit3
143 3908 168 3948 et
185 3898 229 3948 καλ
248 3895 313 3966 πρὸς
335 3892 368 3947 τώ
395 3893 446 3982 πρὸ
470 3895 489 3945 λ.
522 3893 596 3943 leit
634 3891 707 3942 ldem
729 3889 843 3940 inferius
867 3887 962 3978 ταύτης
986 3888 1066 3953 ἑαυτῷ
1093 3904 1155 3937 σον-

82 3933 238 4016 δωδεκακ-
256 3965 286 4029 8)
305 3965 380 4017 Mon
397 3983 430 4015 το
415 3914 519 4013 9ἕλον.
534 3910 634 4013 fffffelmh.
655 3957 757 4038 pergit:
779 3955 888 4015 ὅλοξὲ
860 3955 888 4008 δὲ
906 3958 949 4008 καλ
967 3958 1017 4014 πᾶς
1037 3953 1155 4040 γνώσεώς

85 4032 296 4118 τιτερααλησθη
317 4031 428 4086 omissio
458 4029 599 4082 vocabulis
625 3976 728 4081 mediis.
747 4025 820 4109 Mon.
840 4036 943 4097 postea
956 4028 1085 4091 ἰγαναθη
1104 4039 1156 4094 pro

87 4099 201 4168 τινα

779 4244 815 4299 15
