2586 4672
171 228 244 312 ιον

167 404 257 469 ἑαυτό
278 403 335 491 πρό
356 407 476 469 πάντων
497 407 547 469 καί
569 410 629 469 τῶν
652 408 810 469 συνθέτων
832 409 882 469 καί
903 398 962 468 τῶν
991 403 1095 468 ἁπλῶν
1115 405 1162 465 καὶ
1178 404 1224 465 τῶν

168 513 292 579 πολλῶν
311 539 345 592 με
366 516 494 578 καὶτοῦ
515 513 747 597 ἀνατιθεμένου
768 508 892 585 τοότοις
912 508 985 586 ἑνός.

246 621 328 688 Ἀλλ’
348 616 450 706 {nab-1}
474 625 533 685 τῶν
554 620 703 710 τοιούτων
725 619 905 706 ὑπερβολῶν
926 618 1068 702 οὐδεμίαν
1081 617 1120 697 ¹⁰)
1143 619 1225 702 ἔχομεν

168 734 286 795 ἔννοιαν
304 732 571 816 προχειρίσασθαι,
599 727 764 813 ἀγαπῶμεν
783 727 838 813 ἀφ’
854 720 895 794 ῶν
917 731 1019 815 ἔχομεν
1040 726 1226 793 ἐνδείκνυσθαί

168 865 198 901 τι
220 837 288 918 περί
310 838 427 901 ἐκείνων
448 833 658 914 ἀναγκάζοντες
677 840 719 920 τὴι
741 835 821 920 λόγῳ
842 832 986 919 πρότερον
1014 832 1178 917 ἀτιμότερον
1194 832 1226 897 ιλ·

169 971 219 1009 ναι
237 938 354 1023 ταῦτα,
375 937 460 1026 άπερ
471 947 629 1026 ἐννοοῦμεν
650 940 726 1027 πρός
747 939 803 1019 τός
823 946 942 1008 ἐκείνων
961 946 1022 1019 τῶν
1041 938 1225 1027 πρεςβυτάτον

169 1052 268 1139 ἀρχῶν
289 1040 522 1135 ὑπονοουμένων
542 1051 699 1136 αὐταρκεῐς
718 1054 833 1127 θέσεις.

249 1165 290 1225 El
320 1144 421 1226 τοίνυν
446 1158 565 1224 ἀπλοῦν
594 1163 658 1224 ἐστι
683 1155 720 1223 τό
742 1165 792 1238 ἕν,
823 1158 891 1224 ἀλλ’
913 1158 1004 1241 ῶςέν
1025 1160 1121 1241 γένεσι
1139 1153 1224 1228 καλῶς

168 1271 201 1332 ἑν
231 1266 323 1332 εἴδεσι
345 1268 396 1332 καί
422 1264 499 1331 κατὰ
519 1262 573 1345 ’τὴν
594 1265 730 1351 ἰδιότητα
748 1267 841 1350 μόνην
864 1266 902 1342 ῶς
924 1261 1045 1352 ᾇμαθόν
1061 1270 1098 1356 τὴ
1118 1265 1223 1348 είόοτηυ

91 1396 152 1472 μνη.
170 1370 205 1438 τό
235 1372 314 1450 εἶδος
341 1375 392 1439 καί
416 1373 509 1438 καλόν
538 1375 589 1439 καί
619 1377 678 1439 τῶν
697 1373 799 1440 ἀλλων
819 1375 939 1440 ὁτιοῦν·
967 1368 1044 1443 οότω
1067 1371 1126 1457 γάρ
1146 1371 1222 1437 κιίίι

94 1465 154 1558 ,¹⁰⁴'
172 1482 223 1547 καί
230 1482 396 1566 ἡνωμένον
415 1482 468 1546 καί
489 1478 545 1561 όν,

247 1586 455 1674 Ἐπιστὴσειεν
482 1588 510 1652 δ’
537 1586 575 1655 ἀν
595 1615 641 1664 τις
661 1587 778 1673 μὴποτε
798 1588 834 1653 τό
859 1589 1010 1672 ἡνωμένον
1032 1587 1108 1655 ίόιόν
1127 1594 1156 1652 τί
1179 1591 1220 1652 εὀτ

173 1693 255 1782 παρά
275 1692 312 1762 τό
324 1693 399 1763 Ὄν·
421 1700 551 1782 μετέχειν
572 1694 667 1762 αὐτοῦ
688 1699 739 1761 καί
759 1692 792 1761 τό
816 1694 852 1760 όν
865 1691 995 1780 μάλιστα
1016 1697 1142 1773 πάντων,
1161 1699 1185 1758 εί
1201 1719 1221 1776 μ

173 1801 232 1885 άρα
260 1799 427 1889 ἡμίθεξις
454 1807 513 1869 τοῦ
536 1802 601 1879 ἑνός
621 1817 705 1870 ποιεί
722 1803 759 1869 τό
779 1805 944 1889 ἡνωμένον,
972 1804 1012 1879 ῶς
1032 1805 1091 1869 τοῦ
1113 1803 1221 1891 πλὴλιυ

175 1910 210 1975 τό
229 1912 495 1997 πεπληθυσμένον.
532 1917 573 1976 Εἰ
598 1913 652 1994 μὲν
674 1900 858 1989 οὖντοῦτο,
886 1915 1008 1996 πρῶτον
1037 1908 1077 1976 άν
1096 1913 1141 1995 εἴη
1160 1903 1220 1975 τόό

173 2023 294 2103 μετέχον
322 2018 444 2086 πολλῶν
473 2020 522 2085 καί
548 2016 621 2095 ἑνός
643 2020 693 2084 καί
713 2017 848 2101 μάλιστά
868 2045 901 2104 με
921 2016 996 2094 ἑνός.
1036 2005 1077 2083 Ἑλ
1098 2017 1133 2083 δέ
1153 2020 1220 2082 ποθι

175 2125 296 2212 άρχεται
322 2130 371 2192 καὶ
403 2125 436 2192 τό
462 2126 580 2211 μικτόν,
614 2129 665 2193 καί
692 2131 755 2193 ἔστι
777 2154 821 2202 τις
848 2119 974 2213 όπαρξις
993 2128 1135 2220 τοιαύτη,
1155 2117 1220 2205 &coi

175 2240 243 2300 πᾶν
262 2234 342 2310 εἶδος
361 2233 482 2320 μικτόν,
504 2231 552 2322 εἴη
574 2233 610 2300 ἀν
631 2263 660 2300 τι
677 2236 728 2300 καὶ
748 2231 784 2300 τό
806 2235 958 2320 ἡνωμένον
978 2233 1070 2313 όόιον,
1091 2235 1111 2317 ἡ
1130 2234 1220 2316 τοῦμι

175 2347 248 2407 κτοῐι
275 2341 390 2409 τοόιου
420 2337 555 2429 ἀκρότης.
597 2348 673 2420 Πῶς
700 2342 734 2408 δὲ
756 2342 811 2407 οὐκ
839 2340 944 2425 ἀνείη
966 2338 999 2406 τό
1020 2336 1126 2426 μικτόν
1145 2339 1220 2406 ἀπλῶ

175 2451 258 2533 εἴπερ
279 2449 317 2515 τά
339 2452 406 2516 τινά
423 2454 465 2527 1¹)
486 2450 576 2535 μικτά
597 2455 687 2525 ἔστιν,
711 2451 774 2516 οῖον
795 2449 969 2533 ἅνθρωπος,
989 2456 1082 2524 ἵππος
1103 2451 1152 2514 καί
1172 2450 1219 2527 ζῶι

100 2555 103 2561 ’
176 2551 255 2630 όλως
277 2560 329 2622 καὶ
357 2557 445 2625 οιλσία
469 2559 489 2643 ἡ
509 2555 600 2639 μικτὴ
626 2562 737 2623 ἐκτῶν
767 2564 858 2644 γενῶν
880 2561 930 2623 καὶ
949 2555 1090 2623 καθόλου
1111 2560 1219 2640 φόνοιο

174 2662 326 2728 σύνθετον
355 2665 446 2740 εἶδος,
482 2665 536 2746 ἀφ’
566 2656 601 2728 οὗ
628 2661 691 2740 τοῖς
718 2661 822 2740 ἀλλοις
848 2665 883 2731 τό
903 2665 985 2730 εἶναι
1005 2667 1180 2739 συνθέτοις·
1202 2686 1219 2726 ιιι

175 2772 268 2854 λέγων
294 2773 398 2855 μικτόν
426 2776 477 2837 καί
507 2769 657 2837 σύνθετον
684 2768 760 2838 κατά
786 2769 843 2857 τὴν
871 2770 1008 2858 ἰδιότητα
1035 2774 1094 2837 τοῦ
1118 2770 1211 2844 εἴδους

175 2882 230 2943 τοῖι
250 2883 356 2957 γένους
373 2877 429 2962 τὴν
449 2878 560 2963 ἀπλὴν,
583 2873 650 2963 ἡτις
670 2877 706 2944 ἀν
727 2880 851 2945 καλοῖτο
871 2877 1052 2964 μικτότης
1071 2877 1217 2961 άντικειμέι

74 3057 80 3066 ,
175 2988 212 3072 τῇ
232 2983 390 3072 ἀπλότητιζ
419 2988 499 3072 Περί
519 2984 625 3068 μόνη)
648 2984 685 3070 δὴ
707 2983 828 3053 τοάτων
848 2993 891 3063 είς
912 2991 1016 3062 αὖθις.
1074 2997 1077 2999 ’

88 3096 162 3176 Cap.
253 3091 327 3157 Ἐπ’
355 3088 448 3179 ἀρχὴν
475 3088 508 3156 δὲ
538 3085 624 3176 μόλις
649 3090 870 3176 ἀναδραμόντες
897 3096 1024 3178 εἴπωμεν
1044 3088 1118 3176 πρός
1137 3092 1207 3177 ἡμᾶς

35 3273 37 3277 Α
97 3174 149 3239 00·
176 3195 308 3278 ου’τοός,
337 3193 384 3264 ότι
412 3201 465 3282 μὲν
491 3194 569 3264 κατά
600 3198 634 3266 τό
657 3197 809 3288 όναρὌν
828 3205 892 3266 ἐστι
918 3199 952 3267 τό
974 3203 1101 3266 ἑκάστου
1122 3204 1215 3284 ἐνεργοί

177 3307 262 3373 καθό
293 3307 328 3374 οὔ
349 3305 442 3374 τόίόν
462 3310 553 3390 μόνον
574 3307 656 3374 ἀλλά
676 3312 726 3375 καὶ
748 3316 875 3375 ἕκαστον
894 3316 956 3375 τῶν
976 3308 1076 3375 ἀλλων
1099 3306 1149 3386 όν,
1176 3306 1192 3391 ἡ
1210 3331 1214 3368 ι

177 3442 262 3501 νησις
283 3419 332 3482 καὶ
355 3416 374 3500 ἡ
398 3414 501 3490 στάσις
521 3408 540 3501 ἡ
563 3415 686 3490 στάσις·
710 3417 800 3482 ου’σόα
823 3415 879 3503 γάρ
896 3417 1003 3502 ἑκάστη
1024 3419 1152 3493 τούτων,
1183 3437 1213 3497 πρ

176 3524 213 3605 ἡν
245 3527 375 3606 ἐνέργεια
402 3523 520 3601 λέγεται
548 3527 597 3588 καὶ
623 3523 766 3608 δόναμις,
796 3521 818 3607 ἡ
840 3524 869 3604 2)
897 3522 959 3589 ἀπὸ
989 3523 1092 3598 οὐσίας
1128 3523 1213 3600 ἕκατέρ

178 3634 228 3694 καί
249 3621 265 3693 ό
286 3634 370 3695 ἐστιν
389 3635 529 3705 ἕκαστον,
551 3633 754 3715 ἐνέρρειακαί
776 3635 852 3695 καθ’
874 3623 1065 3719 όπαρξιντὴν
1084 3627 1161 3717 ἤδη·
1181 3652 1212 3709 πρ

233 3811 278 3871 ιο)
298 3808 371 3858 Mon.
389 3807 526 3875 μηδεμίαν.
561 3839 590 3848 -
636 3814 678 3873 ιι)
698 3811 767 3878 ι’ίπιρ
787 3828 843 3860 τινα
861 3830 888 3876 μ.
918 3814 964 3848 -'
1001 3803 1210 3880 ιι)11ιρίδὴτι

181 3895 228 3929 νων
246 3882 293 3943 μὲν
311 3880 369 3927 ι’ίοον
389 3878 431 3926 καί
451 3873 539 3936 αὖθις.

250 3971 276 4035 ι)
297 3969 369 4021 Mon.
388 3968 456 4037 ἡμᾶς
475 3988 526 4023 om.
547 3985 604 4024 mox
621 3975 732 4042 ἐνέργεια
751 3984 874 4045 ιιῐητηυο.

250 4094 279 4157 ι)
296 4091 312 4157 ἢ
333 4095 404 4146 ποι.
425 4053 441 4157 2'5
461 4090 497 4142 sic
519 4090 614 4145 οισι.
