2586 4672
124 231 195 297 314

26 431 88 538 ηεξ.
119 409 270 492 έλλαμψιν
291 410 352 476 αίπό
381 415 432 496 τῆς
453 417 521 495 μιᾶς
541 413 644 486 οὐσίας
668 406 835 494 προϊούσαις
860 416 903 483 εἰς
928 409 1031 475 πάντα
1053 408 1141 476 όντα·
1170 417 1192 475 τί

27 498 61 538 ³⁰
82 523 88 538 ⁸
119 515 167 583 δεῖ
179 517 285 583 πολλὰ
304 517 418 599 λέγειν,
441 511 491 585 ότε
511 522 561 584 καί
582 513 655 594 ταός
674 515 772 592 θεοὺς
792 508 885 592 οότως
907 515 1110 582 ὑποτίθενται
1128 518 1192 594 ταός

118 622 252 700 πολλοὺς
273 630 302 691 oz
321 624 380 711 πρό
402 628 620 712 Ἰαμβλίχαυ
642 625 747 711 σχέδον
767 653 796 690 τι
815 623 923 701 πάντες
944 625 1127 708 φιλόσοφοι.
1147 633 1190 691 ἕνα

116 734 171 816 μέν
191 732 268 798 εἶναι
288 729 342 799 τόν
361 729 600 819 όπεροάσιαν
620 729 710 798 θεὸν
731 732 881 817 λέγοντες,
909 733 981 807 τούς
996 731 1118 808 ἄλλους
1145 733 1187 798 αὖ·

117 839 234 917 σιαίδεις
253 840 330 907 εἶναι
349 854 416 917 ταῖς
436 840 497 906 άπό
520 844 578 905 τοῦ
597 839 663 916 ἑνός
684 839 869 923 έλλάμψεσιν
889 844 1123 925 ἐκθεαυμέναυς,
1146 846 1187 907 καί

117 948 194 1014 εἶναι
215 946 249 1015 τό
271 954 329 1015 τῶν
348 950 536 1032 ὑπεραυσίων
557 949 681 1031 πλῆθος
698 945 813 1014 ἑνάδων
844 946 900 1013 οὐκ
921 947 1097 1014 αὐτοτελῶν
1119 950 1186 1014 ὑπα-

116 1052 264 1129 στάσεων,
295 1054 372 1122 ἆλλά
390 1061 450 1122 τῶν
471 1056 703 1140 έλλαμπομένων
730 1053 791 1121 αἰπό
819 1059 874 1121 τοῦ
901 1052 996 1139 μόνον
1017 1060 1115 1135 θεοῦ,
1146 1060 1185 1120 καί

102 1174 182 1239 ’ταῖς
203 1162 323 1241 οὖσίαις
344 1163 537 1248 ἐνδεδομένων
561 1161 710 1226 θεαίσεων.

184 1265 286 1356 ’Ὅπερ
307 1262 362 1339 οὖν
382 1271 457 1358 λέγω
477 1266 638 1349 πολλάκις,
666 1274 801 1354 ἐπιζητεῖ
826 1270 842 1334 ὁ
865 1266 955 1354 λόγος
976 1274 1047 1354 περὶ
1068 1268 1182 1337 ἑκάστου

112 1360 245 1460 ἀριθμοῦ
266 1383 323 1444 τοῦ
342 1378 403 1445 ὑπὸ
425 1375 548 1462 ἑκάστην
571 1374 696 1463 ἇρχικην
716 1375 832 1462 μονάδα
853 1378 1017 1463 λεγομένου
1041 1379 1183 1464 τετάχθαι,

111 1483 240 1566 πότερον
253 1483 417 1565 Ιαὐτοτελής
436 1489 531 1565 ἐστιν,
554 1480 676 1569 ἢμόνον
697 1489 763 1549 κατ’
785 1485 939 1570 έλλαμψιν
960 1483 1183 1572 πληθυόμενας,Ι

192 1590 287 1676 Διττίγ
308 1591 406 1657 δὲκαὶ
426 1592 444 1678 ἡ
467 1591 667 1676 έλλαμψις,
687 1594 707 1676 ἡ
727 1593 781 1676 μέν
798 1592 1000 1688 αἰπηωρημένη
1019 1597 1078 1659 τοῦ
1089 1592 1184 1677 ἐλλάμ-

109 1725 237 1780 ποντος,
258 1703 309 1766 καί
329 1705 429 1784 ἐκείνῳ
451 1703 585 1766 συνοῦσα
606 1699 684 1767 κατά
707 1709 779 1785 μίαν
800 1706 966 1785 συνέχειαν,
986 1703 1008 1785 ἡ
1030 1702 1064 1768 δὲ
1083 1707 1182 1787 ἐμφυο-

108 1812 182 1894 μὲνη
202 1813 243 1893 τῷ
264 1808 476 1892 ἒλλαμπαμένῳ
497 1811 547 1876 καί
574 1813 690 1874 ἐκείνου
717 1812 894 1894 γιγνομένη,
925 1811 977 1874 καί
1011 1814 1044 1874 ἐν
1071 1811 1183 1877 ὑποκει-

107 1919 186 2000 μένῳ
208 1915 291 1999 αὐτῷ
312 1916 512 1999 ὑφισταμένη·
542 1917 682 2001 ζητητέον
702 1907 770 1992 οὖν,
803 1920 937 2000 ποτέρως
959 1916 1183 2003 ὑποθησόμεθα

61 2042 64 2049 ’
108 2019 161 2099 τάς
181 2019 359 2107 ἒλλάμηιεις,
388 2025 417 2087 εί
433 2050 480 2099 τις
501 2021 600 2099 αὐτός
620 2051 689 2090 αντι
703 2050 761 2090 των
778 2021 976 2095 υπαστάσεων
990 2025 1183 2114 παραδέχαιτα

107 2137 166 2196 τῶν
186 2129 372 2213 αὖτοτελῶνς
393 2129 549 2216 διωρίσθω
577 2131 610 2198 δὲ
630 2137 682 2199 καί
708 2136 797 2200 ταῦτα
827 2131 989 2216 πρότερον,
1028 2136 1069 2211 ὡς
1099 2136 1182 2218 ἦμέν

107 2234 273 2323 αὐτοτελὴς
299 2238 463 2313 ὑπόστασις
491 2246 629 2325 κρείττων
657 2241 723 2306 ἐστὶ
741 2241 797 2324 τῆς
819 2237 988 2321 ὁμοταγοῦς
1007 2239 1184 2326 έλλάμιγεως,

65 2343 70 2353 ’
107 2345 172 2412 αίυν
191 2341 227 2411 τὸ
247 2345 337 2430 ἡλίου
359 2348 438 2428 φῶς,
458 2352 485 2413 εί
506 2350 582 2411 καθ’
602 2344 681 2413 αὑτό
707 2347 865 2430 ὖφεστηκει
893 2349 944 2411 καί
969 2349 1010 2434 μή
1043 2343 1063 2442 ᾗ
1093 2355 1185 2434 ἑτέρου

106 2454 188 2529 τινός
207 2449 400 2536 ἀπαιώρημα,
430 2455 480 2518 καὶ
503 2453 590 2519 οὐσία
610 2482 658 2531 τις
680 2446 731 2540 ἦν,
752 2452 831 2519 ἄλλά
852 2449 893 2538 μίγ
917 2454 1032 2540 τρόπον
1054 2457 1122 2522 τινὰ
1140 2460 1187 2538 τῆς

106 2562 213 2637 αυόίας
234 2564 378 2647 ἐνέργεια,
408 2564 459 2626 καί
481 2559 627 2643 αὖτάρκες
655 2564 702 2644 ἐφ’
723 2566 838 2627 ἑαυτοῦ
859 2557 960 2640 ἑστός,
988 2563 1070 2630 ἀλλά
1090 2562 1130 2648 μή
1150 2567 1186 2646 tq}

106 2675 206 2758 ἑτέρου
232 2669 309 2735 εἶναι
339 2673 576 2753 συνουσιωμένον
604 2680 736 2756 κρεῖττον
767 2669 988 2754 αἰνωμαλόγητο.
1036 2671 1132 2756 δῆλον
1156 2670 1185 2733 δέ

107 2765 154 2843 ὅτι
174 2779 224 2844 καὶ
244 2778 265 2863 ἡ
285 2776 385 2842 τοιάδε
406 2776 553 2859 έλλαιμψις
571 2774 698 2861 άμείνων
716 2780 780 2842 ε’στί
800 2781 857 2862 τῆς
884 2782 1005 2862 ἑτέρας·
1041 2776 1118 2864 αὕτη
1138 2779 1185 2863 μέν

105 2884 175 2972 γάρ,
203 2891 231 2950 εἰ
251 2891 303 2950 καί
323 2909 402 2960 τινας
423 2887 526 2969 ἑτέρου
548 2886 644 2962 ἐστίν,
674 2882 753 2950 ἄλλά
771 2885 831 2949 τοῦ
851 2892 1024 2968 κρείττονας
1044 2887 1139 2952 αὐτοῦ
1159 2914 1185 2952 τε

72 3027 74 3032 v
104 2994 161 3056 τοῦ
182 2989 403 3075 ἐλλάμποντος,
434 2994 530 3076 ἐκείνη
556 2990 591 3055 δὲ
615 2997 670 3057 τοῦ
695 2998 840 3079 χείρονας·
874 2996 933 3057 τοῦ
960 2990 1016 3077 γάρ
1037 2994 1185 3077 ἐλλαμπα-

103 3102 210 3182 μένου·
236 3094 326 3182 ναίὴ
345 3097 400 3181 μὲν
421 3097 604 3184 χωριστ·η,ἡ
628 3097 661 3163 δέ
682 3103 712 3164 ἒν
733 3101 916 3183 ὑποκειμένῳ
938 3104 989 3165 καὶ
1012 3100 1184 3187 ἇχαίριστας·

104 3205 197 3290 σαφὲς
217 3204 250 3269 δέ
270 3207 382 3291 πατέρα
402 3203 540 3290 πότερον.

179 3309 245 3378 Ἔτι
264 3318 365 3377 τοίνυν
386 3307 541 3398 ίγξιοόσθω
552 3314 604 3378 καί
624 3316 719 3379 έκεῖνο
737 3311 813 3398 πρός
824 3305 950 3393 ταόταις,
974 3314 1015 3390 ὡς
1028 3317 1087 3381 εἴτι
1100 3317 1128 3389 ⁵)
1141 3317 1183 3396 τίη

103 3425 143 3507 τῷ
163 3427 290 3508 χείρονι,
316 3422 430 3508 καὶτῷ
450 3427 594 3507 κρείττονι
614 3425 697 3488 ἔσται
717 3423 822 3508 πολλῷ
842 3425 1002 3507 μειζόνως·
1032 3424 1099 3490 οἷον
1120 3429 1147 3488 εί
1165 3451 1182 3508 η

100 3648 163 3708 post
180 3633 232 3688 ἀπὸ
248 3637 294 3702 τῆς
309 3637 372 3704 μιᾶς
389 3634 529 3705 superiora
547 3634 628 3687 verba
645 3638 690 3702 (ut
706 3637 817 3707 passim)
845 3637 909 3702 ζωῆς
925 3635 1078 3705 ὑφεστώσης
1101 3657 1127 3688 α.
1150 3637 1182 3692 τίς

100 3722 128 3758 ιτ.
156 3727 180 3758 τ.
206 3705 220 3768 ζ
226 3740 439 3758 ..............
468 3702 584 3773 repetit,
608 3704 654 3758 hie
680 3708 775 3767 saltem
799 3706 864 3758 κατὰ
894 3719 968 3758 recte
1000 3706 1122 3776 scripsit.
1151 3732 1182 3743 -

101 3777 131 3844 5)
150 3775 224 3828 Mon.
243 3787 305 3845 post
323 3777 346 3826 εἰ
363 3795 389 3826 τι
405 3769 500 3825 inserit
518 3781 633 3843 κρεῖττον
649 3788 733 3829 recte.
775 3778 861 3827 Antea
884 3793 935 3845 pro
954 3772 1082 3844 πρότερον
1099 3776 1179 3847 legen-

101 3845 164 3898 dum
182 3842 232 3896 erit
248 3847 384 3916 προτέρου.
420 3842 492 3894 Idem
510 3860 572 3895 mox
591 3860 643 3915 pro
660 3843 677 3910 ἢ
694 3844 711 3912 ἡ
729 3857 788 3899 ante
807 3844 959 3916 ἀνθρωπίνη
978 3843 1044 3916 legit
1063 3846 1111 3910 εἴη.
1148 3843 1179 3893 Et

101 3915 135 3966 ad
153 3913 235 3966 verba
255 3917 318 3983 λέγω
334 3913 408 3966 δὲτὸ
426 3932 449 3964 κ.
467 3931 488 3963 ε.
509 3928 568 3984 sqq.
589 3915 623 3966 αδ
641 3929 726 3988 marg.
740 3915 828 3967 rubro
847 3917 928 3986 pigm.
942 3926 1029 3969 notat:
1049 3918 1077 3965 αἱ
1092 3911 1177 3967 λύσεις.

65 3991 67 3997 ’
100 3981 154 4037 Pro
176 3982 351 4054 διοριζόμεναι
368 3980 511 4054 legendum
530 3984 583 4036 erit
603 3996 648 4037 aut
667 3985 816 4057 διορίζομαι
839 3995 885 4038 aut
903 3982 1088 4054 διοριζόμεναι.
1123 3983 1175 4031 Art·

99 4054 130 4123 τῇ
149 4065 207 4105 ante
226 4057 296 4122 ψυχῇ
316 4054 389 4107 Mon.
413 4048 516 4106 omittit.
