2586 4672
39 174 43 181 ’
107 207 177 267 τεο

107 385 143 452 τό
171 385 290 470 ὀρεκτόν
319 386 370 449 ναί
397 382 535 468 γνωστόν.
588 389 629 450 Εἰ
653 383 688 449 δέ
709 381 725 450 ό
747 391 822 464 νοῦς
848 390 900 454 καί
931 388 1028 471 ἐαυτῷ
1059 385 1182 473 γνωστόν

108 494 160 556 καί
181 495 278 575 ἐαυτῷ
299 490 420 578 ὀρεκτὸν
438 489 458 577 ἢ
479 488 667 568 άλλοιςποίς
686 498 751 575 μετ’
772 491 868 558 αῦτόν
884 491 905 578 ἢ
922 491 976 560 ἄπ’
999 493 1094 561 αἰετοῦ
1112 519 1180 579 προ-

109 598 260 677 ελθοῦσι,
289 605 320 664 τί
354 597 551 683 θαυμαστόν,
577 594 616 664 τά
645 599 698 683 μέν
726 600 945 687 καταδεέστερα
974 604 1107 690 μετέχειν
1131 604 1182 668 νῦν

107 703 167 792 πρὸ
196 705 313 787 αὐτῶν,
342 705 380 771 οῦ
408 710 510 792 μέντοι
541 706 700 773 άνάπαλιν.
757 713 928 798 Τοιγαροῦν
957 705 977 794 ἦ
1009 710 1066 793 μὲν
1101 709 1190 781 οὐσία.

111 815 168 881 οῦκ
189 818 255 881 ἐστὶ
274 817 362 892 νοῦς,
386 815 402 882 ὃ
424 815 458 882 δὲ
479 819 550 892 νοῦς
569 817 619 881 καί
641 816 730 902 οῦσία
751 819 803 883 καί
823 820 907 897 νοῦς,
933 813 1012 891 ἄλλά
1031 816 1182 901 τοῦτομὲν

110 926 186 988 καθ
207 917 349 1015 ὕπαρξιν,
369 927 462 989 ἐκεῖνο
485 923 518 989 δὲ
539 920 616 988 κατά
635 927 774 1009 μέθεξιν·
798 914 816 1016 ᾗ
837 923 891 1006 μὲν
913 920 974 1010 άροι
995 922 1099 1002 οὐσία,
1119 949 1183 1008 γνω-

112 1026 199 1107 στόν,
219 1029 270 1093 ιιαί
291 1028 392 1103 ὃνοῦς
415 1025 490 1092 κατά
510 1031 637 1108 μέθεξιν
656 1025 716 1112 άρα
738 1030 884 1114 γνωστόν·
906 1020 925 1122 ᾗ
946 1027 980 1093 δὲ
1001 1031 1089 1107 νοῦς,
1117 1054 1180 1113 γνω-

112 1133 229 1214 στικός,
250 1137 326 1199 καθ’
346 1123 476 1222 ὕπαρξιν
495 1131 556 1218 άρα
576 1139 722 1211 τοιοῦτος.
772 1133 858 1221 Πρός
879 1135 933 1217 μὲν
955 1124 1012 1200 οῦν
1032 1130 1088 1218 τη“ν
1113 1126 1181 1200 άτο-

112 1250 179 1328 ρίαν
200 1243 288 1310 ἱκανὰ
309 1245 361 1308 καὶ
383 1239 504 1307 ταῦτα(
954 1319 957 1324 ¹

197 1347 283 1435 Τάχα
303 1348 331 1414 δ’
351 1346 389 1415 άν
409 1375 456 1423 τις
476 1347 527 1412 καί
546 1345 602 1433 τη“ν
624 1346 728 1414 οὗσίαν
759 1346 913 1421 ῦποθοῖτο
946 1346 1124 1432 γνωστικὴν,
1145 1347 1179 1410 εἰ·

23 1472 86 1528 Pflg·
109 1482 165 1542 περ
193 1455 293 1522 πάντα
317 1457 381 1520 ἐστί
406 1451 483 1520 κατά
513 1450 567 1538 την
600 1458 715 1519 οἰκείαν
748 1460 931 1540 συναίρεσιν,
960 1453 1028 1518 ἄλλ’
1058 1454 1095 1520 οῦ
1116 1448 1182 1531 ,νοιίι

33 1535 90 1586 ’ω’
109 1565 219 1650 γνῶσιν
238 1560 293 1645 τήν
313 1560 526 1648 διωρισμένην·
550 1551 628 1627 οῦτω
649 1557 705 1645 γάρ
727 1564 777 1627 καί
799 1559 948 1646 γνωστόν,
979 1553 1028 1627 ότι
1049 1563 1098 1626 καί
1117 1587 1178 1648 γνω-

112 1668 198 1744 στόν,
221 1667 290 1734 ἄλλ’
311 1659 490 1752 ἀδιορίστως
509 1669 559 1732 καί
585 1673 617 1733 ἐν
643 1673 686 1752 τῷ
715 1667 792 1752 Ιπρός
813 1675 911 1752 ἕτερον
933 1667 1068 1755 άσχέτῳ,
1089 1672 1140 1734 τοῦ
1154 1666 1177 1731 δ’

109 1780 165 1842 νοῦ
192 1772 402 1863 προελθόντος
430 1775 485 1840 ἀπ’
515 1773 680 1856 αὐτῆςναί
701 1779 829 1860 σχέσεοις
849 1779 1050 1861 ἐγγενομένης
1070 1771 1127 1858 πρό
1141 1777 1177 1846 ²⁸)

110 1882 210 1951 αὐτοῦ
238 1879 320 1958 τινός
359 1882 397 1959 ὡς
434 1888 535 1948 αἰτίου
568 1879 644 1964 πρός
675 1880 831 1961 αἰτιατόν,
866 1879 971 1965 ἐπειδὴ
996 1878 1032 1947 τό
1062 1880 1177 1949 αἰτιατόν

109 1990 203 2075 ἐφάνη
225 1989 384 2076 γνωστικόν
406 1987 581 2074 γενόμενον,
602 1989 653 2053 ιιαί
673 1986 691 2072 ἦ
715 1988 802 2054 οὐσία
824 1976 955 2072 γνωστόν
981 2016 1011 2054 τι
1037 1986 1176 2074 προύβάλ-

108 2098 178 2163 λετο
209 2098 368 2172 τοσοῦτον,
399 2091 470 2162 όσον
491 2094 525 2161 τό
547 2097 602 2182 τῆς
629 2097 756 2181 σχέσεως
781 2096 888 2180 ἰδίωμα
916 2095 1073 2183 προεφάνη
1092 2100 1130 2181 τῷ
1146 2121 1175 2176 ιῳ

110 2189 397 2292 άντιδιαιροάμενον.
421 2206 566 2270 Τοσαῦτα
582 2198 657 2290 πρός
670 2199 704 2268 τό
723 2200 823 2288 παρόν
838 2201 975 2287 εἰρήσθω
989 2207 1057 2288 περὶ
1071 2199 1172 2270 τούτω.

23 2306 47 2368 C
77 2301 81 2320 ¹
185 2310 200 2334 νο
410 2318 418 2336 ι
506 2308 519 2329 ιι
651 2300 686 2330 τ’
739 2314 754 2329 υ
991 2315 998 2335 ,
1118 2317 1127 2337 ‚
1166 2302 1170 2328 ι

44 2324 97 2388 ψ·
194 2320 341 2379 Ενατον
369 2338 473 2379 τοινον
498 2315 619 2379 ανωθεν
647 2336 684 2391 ην
711 2336 773 2377 των
802 2310 1072 2397 προβεβλημένων,
1098 2333 1173 2376 ειιο

37 2400 88 2454 82‘
109 2423 207 2492 κατά
229 2429 359 2512 σχέσιν
379 2421 577 2508 ὑφεστῶτα
598 2422 932 2504 άντισυνίστησιν
954 2419 1110 2508 άλληλα,
1127 2417 1174 2487 ποί

110 2531 177 2618 οῦχί
197 2530 300 2618 δράσει
318 2559 349 2597 τι
371 2533 423 2597 καί
442 2527 479 2596 τό
501 2530 636 2597 αἰτιατόν
650 2530 678 2606 ¹)
700 2536 743 2605 εἰς
763 2526 799 2594 τό
820 2530 1002 2608 αἴτιον,ναί
1022 2529 1057 2595 τό
1077 2517 1174 2611 ὀρεκτόν

106 2645 150 2714 εἰς
170 2635 205 2705 τό
228 2636 395 2724 ὀρεκτικόν,
416 2640 467 2702 καί
488 2636 526 2720 δὴ
550 2638 600 2701 καί
622 2631 656 2700 τό
678 2641 843 2721 γιγνῶσκον
864 2642 910 2713 εἰς
931 2633 967 2702 τό
997 2632 1173 2724 γιγνωσκόμε-

109 2771 179 2832 νον,·
206 2748 271 2812 Καί
291 2743 345 2830 γάρ
367 2751 394 2810 εἰ
415 2749 543 2829 ἐνεργείᾳ
570 2751 685 2827 γίνεται
713 2734 775 2829 άμοι
804 2746 957 2829 ἑκάτερον,
984 2752 1103 2810 καίτοι
1127 2737 1175 2808 πῶς

112 2852 228 2920 οἷόντε
248 2852 284 2919 τὸ
306 2850 442 2941 αἰτιατόν
462 2857 505 2928 εἰς
525 2848 559 2916 τό
582 2854 679 2918 αίτιον
699 2850 794 2940 δρᾷν;
808 2851 881 2918 Ἐπί
899 2854 954 2936 μέν
976 2848 1033 2939 γάρ
1053 2856 1109 2918 νῦν
1121 2850 1175 2930 δμο-

109 2964 211 3045 ταγιῦν
239 2956 313 3046 τάχα
341 2958 378 3025 ίίν
405 2961 452 3045 εἴη
479 2961 569 3023 τοῦτο
600 2947 749 3044 άληθές,
771 2966 824 3026 καί
849 2987 894 3025 τοι
926 2961 980 3025 καί
1003 2962 1056 3025 ἐπί
1083 2951 1176 3024 τοῦτον

110 3063 290 3150 ἀπορήσειεν
311 3064 347 3132 άν
368 3093 429 3146 τις,
450 3073 477 3132 εἰ
498 3063 533 3131 τό
551 3063 590 3151 μίγ
619 3064 784 3153 ἱιπτόμενον
810 3068 868 3157 δρᾷ
896 3095 925 3133 τι
954 3074 998 3143 εἰς
1028 3072 1132 3144 ἐκεῖνο,
1152 3053 1178 3123 οὗ

108 3171 151 3260 μὴ
177 3165 319 3255 άπτεται,
348 3174 431 3260 αὐτῷ
457 3171 537 3260 μόνῳ
562 3179 606 3260 τῷ
632 3175 814 3261 πλησιασμῷ
843 3180 896 3259 τῆς
917 3179 1058 3262 σχέσεως,
1088 3174 1135 3239 καί
1151 3157 1176 3232 τί

108 3278 224 3367 πάσχον
239 3282 291 3347 ὑπ’
303 3286 415 3348 ἐκείνου
427 3283 521 3369 μηδὲν
537 3281 615 3348 αῦτδ
628 3280 818 3371 μεταβάλλον
832 3268 911 3368 όμως
925 3284 1045 3364 λέγεται
1060 3280 1179 3368 πάσχειίί

108 3385 129 3472 ἢ
149 3384 187 3452 τά
207 3388 262 3471 μὲν
279 3385 482 3474 πλησιάζοντα
499 3388 520 3476 ἢ
539 3389 721 3478 χωριζόμενα
742 3386 793 3455 τόν
815 3384 890 3473 όλης
911 3394 1008 3477 ἐπέχει
1036 3389 1137 3472 λόγον,
1153 3376 1180 3447 τί

110 3493 144 3559 δὲ
165 3492 245 3568 εἶδος
269 3491 368 3567 εὐθὺς
396 3491 561 3581 ἐπιλάμπει
584 3504 638 3582 τῆς
663 3494 848 3583 σχέσεως,ίγ’
876 3523 922 3562 τοι
944 3497 1055 3580 άμφοίν
1087 3492 1110 3583 ἢ
1136 3498 1181 3557 τοῦ

110 3605 215 3689 ἐτέρου
237 3601 413 3687 προςιόντος
437 3602 459 3690 ἢ
483 3602 637 3683 εἰσιόντος.
678 3607 744 3672 Καὶ
772 3600 828 3689 γάρ
856 3604 1011 3683 συνιόντες
1038 3603 1183 3688 άνθρωσοο

109 3713 287 3796 τυγχάνουσί
307 3737 389 3787 τινος
410 3711 549 3795 ἀριθμοῦ
569 3717 686 3792 ἔξωθεν
712 3716 939 3798 ἐπιγενομένου,
960 3716 1012 3780 καί
1033 3713 1051 3794 ἦ
1073 3721 1185 3780 κοπεῖσα

110 3824 163 3902 μία
184 3817 299 3904 ῥάβδος
320 3825 363 3895 εἰς
383 3817 453 3896 δῦο,
476 3820 586 3895 δυάδος
607 3825 745 3905 μετέσχεν
765 3818 833 3885 άντί
853 3817 992 3903 μονάδος.
1025 3814 1183 3901 Ταῦτομὲν

181 3973 228 4040 ιθ)
246 3975 320 4027 Mon.
340 3976 404 4044 πρὸς
422 3975 501 4029 αὐτόν
518 3955 617 4036 τινος..

180 4048 205 4106 ι)
234 4044 307 4096 Μοσ.
336 4045 431 4097 καὶτὸ
458 4044 588 4109 αἰτιατόν,
612 4049 711 4109 αἰτιον,
736 4045 837 4098 omisso
862 4048 898 4104 τίς
920 4044 961 4096 τὸ.
1005 4046 1042 4098 Et
1066 4043 1134 4096 infra
1154 4041 1184 4095 είς

115 4115 179 4182 (pro
197 4115 241 4179 εἰ)
257 4112 290 4164 τὸ
307 4113 344 4182 μὴ
366 4113 511 4184 ἁπτόμενον
529 4115 588 4184 δρᾷ.
624 4114 745 4184 Denique
774 4115 821 4166 τὸν
837 4116 884 4179 τίγς
900 4111 965 4179 ὕλης
981 4113 1068 4181 ὑπέχει
1082 4117 1106 4165 ἰ..
