2586 4672
136 236 209 303 210

719 308 723 340 Ι

136 419 175 485 τά
198 415 233 483 τό
255 412 434 501 προοδικόν·
456 412 636 482 ὑποκείσθω
655 415 714 497 γάρ
736 413 876 499 ἑκάτερον
896 412 962 482 κατ’
984 414 1103 497 σι’νσίαν,
1122 431 1204 504 κρεῖτ-

136 551 190 593 τον
210 523 244 589 δι’
264 523 300 588 τό
322 522 369 589 ἀεὶ
388 520 652 610 προϋφιστάμενον
671 526 726 588 τοῦ
747 512 991 608 ἐπιγιγνομένου,
1018 519 1093 592 ὥστε
1111 529 1156 594 ναὶ
1170 526 1201 591 τό

135 631 298 719 προοδικόν
318 634 373 698 τοῦ
402 634 651 715 ἒπεστρεπτικοῦ·
684 630 739 696 οὐκ
759 628 820 716 άρα
839 626 996 716 πλησιάζει
1027 637 1200 720 τῷγεννόντι

135 740 249 824 μᾶλλον
268 736 355 805 ναθό
375 742 549 823 ἐπιστρέφει
570 733 591 823 ἢ
612 734 694 803 καθό
713 737 935 824 προελήλυθεν.
956 775 996 787 —-

219 929 261 991 Εἰ
281 921 314 988 δὲ
336 923 387 988 καὶ
401 903 489 1007 μένει
509 921 546 986 τὸ
563 923 593 1002 ⁴)
614 917 845 1006 προεληλυθός,
868 921 908 998 ὡς
927 919 1091 1014 δέδεικται,
1110 929 1135 989 τί
1148 922 1194 988 δεῖ·

57 1024 60 1031 ’
136 1061 186 1100 τιτι
217 1035 271 1116 τῆς
291 1032 474 1116 ἐπιστροφῆς
499 1027 562 1114 ήδη
584 1031 660 1094 κατὰ
685 1024 722 1094 τό
740 1032 840 1115 μένειν
862 1027 1112 1116 άφοιμοιτομένονς
1130 1034 1195 1105 -εἰ

133 1139 171 1206 δὲ
191 1137 354 1224 ἆνάιιτησίς
382 1139 445 1202 ἐστι
473 1138 527 1220 τής
554 1138 647 1220 μονής
672 1134 691 1220 ή
720 1132 906 1226 ἐπιστροφή,
932 1136 1008 1222 μονή
1039 1136 1077 1205 όίν
1104 1135 1194 1222 εἴηκαὶ

136 1243 231 1334 αότη,
254 1244 332 1314 άλλά
358 1241 434 1331 μετά
454 1241 510 1329 τήν
530 1238 677 1328 πρόοδον,
709 1246 761 1310 καὶ
782 1244 837 1311 οὐκ
858 1242 932 1310 άλλο
952 1273 982 1310 τι
1003 1254 1136 1331 σημαίνει
1148 1250 1193 1333 τρέ-

137 1354 232 1440 τονή
261 1350 428 1439 ἐπιστροφή
435 1399 445 1433 ,
474 1355 503 1415 εἰ
530 1347 624 1435 μηδὲν
654 1345 733 1417 ἀλλο
759 1345 842 1438 παρά
870 1351 907 1417 τὸ
932 1355 1030 1432 μένειν
1058 1356 1192 1440 ἐργάζεται.

82 1542 85 1549 ¹
136 1469 202 1531 Καί
223 1487 271 1528 τοι
284 1457 358 1533 ἄλλο
380 1456 457 1526 κιττόν
478 1457 536 1543 τήν
557 1460 674 1525 ἔννοιαν
695 1455 729 1523 τό
752 1462 988 1554 ἐπιστρέφεσθαι
1009 1459 1091 1546 παρὰ
1110 1457 1141 1527 τό
1155 1460 1192 1544 γε’·

136 1589 214 1636 νειν·
241 1565 321 1653 γατά
348 1566 402 1652 μέν
422 1561 481 1653 γάρ
500 1563 537 1630 τό
557 1568 656 1651 μένειν
683 1564 758 1631 αὐτὸ
778 1563 924 1654 βούλεται
948 1568 1027 1634 εἶναι
1052 1565 1088 1635 τό
1113 1592 1193 1651 γεννη-

136 1676 211 1757 θὲν,
239 1670 314 1762 ὅπερ
333 1671 368 1740 τό
388 1676 555 1761 γεννῆσαν,
586 1665 687 1758 ὥσπερ
715 1672 794 1740 κατά
814 1674 869 1760 τήν
893 1674 1029 1759 πρόοδον
1049 1675 1125 1744 αὐτὸ
1141 1669 1194 1756 δοες

135 1788 200 1853 ἐστὶ
222 1783 258 1851 τὸ
279 1781 427 1869 γεννηθὲν
446 1781 522 1867 μετὰ
542 1778 579 1847 τό
600 1787 762 1867 γεννῆσαν·
783 1782 861 1850 κατὰ
883 1788 985 1869 μέντοι
1005 1784 1062 1869 τήν
1081 1789 1193 1869 ἐπιοερο

87 1945 91 1968 ,
134 1892 199 1978 φήν
221 1891 357 1978 ὀρέγεται
377 1888 412 1955 τό
437 1889 587 1975 γεννηθὲν
614 1891 671 1954 τοῦ
699 1886 913 1976 γεννήσαντος,
943 1895 1034 1976 μένον
1063 1890 1136 1959 αὐτό
1158 1889 1193 1956 τά

132 2002 272 2084 μένοντος
302 2001 416 2063 ἐκείνου
447 2000 479 2063 ἐν
501 2002 621 2072 οἰκείοις
641 1993 733 2080 ὅροις.
756 2032 796 2045 ·-
843 1995 888 2072 Τὸ
912 1997 1065 2086 ὀρεκτικὸν
1088 1997 1138 2086 γάρ
1153 1996 1194 2063 τιό

134 2104 259 2193 ὀρεντοῦ
284 2102 456 2192 ἀντέχεται,
482 2102 522 2179 ὡς
552 2098 628 2169 άλλο
655 2100 763 2186 ἄλλον,
790 2103 897 2173 ἀεὶδὲ
926 2105 962 2172 τό
989 2105 1063 2174 ἄλλο
1083 2106 1151 2194 μετὰ
1166 2095 1190 2168 τό

132 2212 309 2315 προελθεῖν

218 2363 305 2454 Τάγοι
327 2355 424 2450 οὖνὴ
447 2364 614 2451 ἐπιστροφή
633 2362 765 2450 ὄρεξίς
752 2392 817 2432 εστι
836 2371 894 2434 τοῦ
907 2376 1012 2456 τρίτου
1026 2370 1191 2437 ἐπιποθοῖνν

132 2500 203 2560 τος,
222 2474 281 2540 Ἐν
301 2473 361 2558 γ’όιρ
379 2476 424 2558 τῷ
443 2478 541 2557 μένειν
555 2474 584 2549 5)
612 2470 700 2539 οὐπω
727 2473 835 2560 ὄρεξις·
871 2475 957 2544 οόπω
976 2477 1034 2566 γάρ
1056 2469 1190 2562 διέστη
1167 2499 1192 2538 το

134 2582 285 2670 ὀρεκτικὸν
309 2583 368 2647 τοῦ
388 2580 526 2666 όρεκτοῦ.
552 2578 641 2648 Ἀλλά
661 2580 735 2666 μήν,
756 2578 861 2648 οδδὲ’
846 2611 878 2650 εν
895 2613 937 2670 τῳ
925 2586 1191 2674 προεληλυθέναι

130 2688 289 2765 διάστασις
314 2686 372 2774 γάρ
399 2680 480 2816 αὕτη
504 2689 555 2751 καὶ
575 2683 720 2770 διάκρισίς
746 2693 819 2755 ε’στι·
842 2705 907 2759 τοῖν
922 2697 950 2769 6)
978 2694 1082 2775 δυοῖν,
1105 2701 1150 2760 ἵνα
1165 2686 1191 2754 τὸ

129 2796 184 2880 μὲν
204 2789 225 2884 ᾗ
247 2792 413 2882 ὀρεκτικόν,
444 2793 479 2860 τό
511 2792 591 2859 δὲ
575 2793 716 2879 ορεκτὸν,
747 2797 862 2881 μᾶλλον
891 2799 941 2880 δὲ,
970 2806 1021 2868 ἵνα
1051 2802 1087 2868 τὸ
1112 2806 1193 2884 τρίτον

129 2901 332 2972 άποστάντου
318 2895 505 2987 696wv⁰
482 2925 609 2986 υστερον
630 2901 783 2999 όρεχθή
768 2914 881 2973 ειιείνου
901 2906 1057 2994 πόθῳ
1017 2939 1070 2996 της
1090 2910 1192 2996 ἀρχαίας

128 3009 258 3138 φάσεως.
302 3009 417 3096 Διόπερ
447 3009 487 3076 ου’
508 3009 543 3074 τὸ
564 3012 664 3094 μένειν
690 3011 891 3098 σ’ργάζεται“
871 3046 891 3111 η
922 3019 1108 3105 ἐπιστροφή,
1131 3006 1192 3082 666

127 3116 162 3183 τὸ
188 3117 351 3205 πόρρωθεν
383 3115 549 3183 άπολαόειν
582 3120 652 3183 τοῦ
670 3116 866 3206 γεννήσαντος
900 3121 1021 3210 όρεκτοῦ
1050 3129 1190 3244 φανέντογ·

128 3219 206 3291 ὅθεν
226 3226 279 3290 καλ
298 3222 335 3289 τὸ
356 3224 520 3311 προελθεῖν
540 3221 664 3291 κάλλιον
684 3231 741 3292 τοῦ
760 3233 1011 3314 ἐπιστρέφεσθαι·
1034 3208 1190 3298 οὗσιοποιλῖ

123 3329 181 3419 γάρ
202 3336 259 3400 τοῦ
278 3339 326 3419 τρῖ
327 3358 381 3427 του
405 3359 440 3398 το
430 3331 725 3418 προεληλυθέναι·
746 3361 782 3401 το
770 3335 828 3403 δὲ
845 3342 1081 3425 ἐπιστρέφεσθαι
1096 3340 1189 3408 τελειο-

123 3435 227 3505 ποιόν.
250 3475 287 3488 -

190 3616 314 3682 4)Μοσ.
331 3615 363 3668 τὸ
383 3631 436 3669 om.
454 3615 526 3670 Mox.
544 3617 614 3670 idem
631 3619 655 3671 ιλ
672 3618 701 3670 δὲ
711 3620 762 3672 καὶ
778 3618 896 3677 ότνόκτ...
903 3624 1013 3706 ..μόνη
1031 3627 1071 3679 ἄν

191 3683 219 3751 5)
239 3686 359 3771 Uterque
377 3688 402 3738 ἓν
419 3683 469 3756 γὰρ
488 3686 520 3738 τὸ
538 3691 630 3757 μένειν.
667 3687 789 3761 Uterque
807 3692 842 3745 ad
860 3695 1006 3768 marginem
1024 3706 1126 3750 παῖσον.

256 3754 371 3826 πρόοδος
439 3785 470 3794 -
488 3757 648 3844 ἐπιστροφή

255 3824 469 3895 ἑτεροιωτικνγ-
504 3826 685 3895 άφογιοιοιτιιιή

255 3895 399 3981 διακριτική
436 3924 468 3933 -
503 3897 664 3982 ουναιρετινὴ

256 3963 408 4052 προαγωγὸς
434 3993 466 4003 -
501 3963 643 4052 ἀναγωγός

254 4033 403 4095 ουσιοποιός
433 4061 467 4074 -
501 4033 666 4095 τελειοποιός.

184 4104 214 4171 6)
234 4104 309 4158 Mon.
326 4105 375 4156 τοῦ
391 4103 465 4157 δυοῖν
474 4140 541 4158 .....
550 4102 665 4158 αποστόιν
682 4107 730 4157 τοῦ
747 4108 882 4178 προτέρου.
