2586 4672
116 215 184 279 252

117 392 232 478 απλνῖγς,
252 389 332 461 ἄλλό
353 396 407 480 τῆς
426 394 590 483 ειδητικῆς·
616 395 682 482 είδη
705 394 760 483 γάρ
781 393 860 463 άττα
880 399 931 462 καί
950 399 1066 475 ταῦτα,
1099 402 1127 463 εἰ
1149 400 1194 463 καὶ

117 500 377 586 στοιχειωδέστερα
406 505 466 568 τῶν
498 499 599 569 ἄλλων
632 505 685 569 καί
712 502 899 588 ἁπλούστερα
933 503 986 569 καί
1020 497 1073 568 διό
1107 504 1193 569 τοῦτο

116 605 202 677 κοινά
224 610 345 676 πάντων
366 609 469 687 εἰδῶν,
490 612 544 677 καί
562 615 616 693 τῆς
635 606 695 696 πρό
715 614 777 676 τῶν
795 610 919 676 πολλῶν
939 608 1030 675 εἰδῶν
1056 609 1130 694 μιῶς
1153 617 1191 676 εί-

116 717 240 803 δητικης
261 715 389 800 φάσεως,
411 712 489 784 ’όδεν
501 720 552 784 κοιλ
567 722 599 785 ἐν
613 716 706 811 τοότη
726 723 763 807 τῇ
778 720 866 802 φύσει
880 724 1124 802 παραφαίνονταί
1133 745 1190 792 πως

117 823 219 897 αὐτῶν
239 831 273 892 αί
300 825 460 910 ἰδιότητες,
489 824 557 893 ἀλλ’
575 823 659 892 οόπω
686 815 766 910 όμως
794 824 864 892 οὐδὲ
890 827 988 890 ταῦτα
1014 825 1081 909 εἴδη
1108 828 1187 901 ἐστίν,

33 941 96 1048 Ιίἓξ
117 928 381 1020 διαλαμβάνεται
402 933 442 1010 ῶς
464 945 609 1020 στοιχεῖα·
639 931 709 999 οόδὲ
731 930 786 1018 γάρ
806 935 880 1016 μέρη
901 959 950 997 πω
970 935 1104 1016 γέγονεν·
1130 935 1186 996 ἔστι

88 1034 96 1049 ’
117 1039 176 1127 γάρ
197 1043 248 1106 καί
268 1043 301 1106 ἒν
321 1045 362 1125 τῶ
384 1039 523 1126 είδητικῴ
543 1041 654 1124 κόσμῳ,
672 1038 716 1106 τό»
723 1039 777 1123 μὲν
798 1039 837 1114 ῶς
858 1035 945 1104 οὐσία
967 1035 1118 1127 είδητική,
1137 1063 1184 1122 μο-

116 1144 236 1234 νοειδής
254 1174 301 1224 τις
322 1140 402 1233 αὕτη
424 1152 591 1232 συναίρεσις
609 1151 667 1212 τῶν
686 1145 784 1225 εἰδῶν,
803 1142 838 1211 τό
859 1143 894 1210 δὲ
914 1144 1058 1231 μερισμός
1077 1171 1120 1220 τις
1138 1143 1181 1208 αδ

36 1321 39 1327 .
117 1257 172 1343 τῆς
193 1258 245 1323 καί
264 1255 285 1341 ἡ
307 1253 478 1342 συνάγουσα
498 1250 550 1319 τόν
569 1251 713 1338 μερισμόν
730 1252 839 1338 όλότης
858 1251 996 1338 εἰδητική
1011 1279 1045 1318 τε
1060 1243 1181 1334 καὶαότη

117 1358 291 1446 φίσιςόλου
304 1364 357 1427 καί
375 1365 488 1445 μερῶν·
513 1362 565 1426 ε’πλ
585 1359 619 1427 δὲ
639 1358 736 1456 ταύτῃ
757 1357 834 1426 κατά
854 1357 890 1426 τό
912 1359 1132 1448 διακεκριμένον
1141 1357 1180 1441 της

117 1467 266 1554 εῖδητικῆς
283 1465 475 1543 ὑποστάσεως
494 1463 747 1555 αότάδιέστητά
760 1467 836 1554 εἴδη,
856 1470 908 1535 καί
930 1464 967 1535 τό
984 1470 1011 1553 ⁷)
1032 1465 1179 1553 συναγωγὸν

117 1580 176 1642 τῶν
196 1575 302 1655 εἰδῶν,
331 1572 531 1660 πολύμορφον
551 1583 603 1658 ἓν,
640 1576 680 1653 ῶς
700 1579 819 1662 εἴρηται
846 1574 952 1661 μονάς,
984 1581 1038 1644 καί
1057 1578 1073 1643 ό
1091 1582 1122 1668 τῇ
1137 1599 1179 1667 γο-

115 1681 185 1750 νάδι
204 1686 425 1767 συνηρτημένος
445 1679 588 1768 όριδμός.
630 1679 701 1767 Πρό
721 1690 823 1750 τοίνυν
841 1688 894 1770 τῆς
922 1683 1126 1772 στοιχειώδους
1140 1681 1178 1746 καί

117 1793 320 1888 συνηρημένης
348 1789 497 1876 είδητικῖγς
524 1789 628 1871 οὐσίης
659 1792 741 1857 ἐστίν
767 1791 787 1877 η
814 1792 854 1868 ὡς
882 1792 1016 1877 άληθῶς
1040 1794 1096 1858 τοῦ
1121 1785 1176 1856 όλου

72 1908 74 1913 ’
115 1901 167 1966 καί
186 1903 246 1964 τῶν
261 1900 356 1982 μερῶν
375 1896 542 1983 ὑπόστασις
558 1901 590 1962 έν
604 1900 648 1983 τῷ
670 1897 882 1987 διακρίνεσθαι
899 1899 1035 1986 ὁρωμένη
1053 1897 1105 1984 τόν
1117 1891 1178 1980 πρό-

116 2033 172 2091 την
193 2005 298 2072 οόσίαν
317 2005 369 2070 καί
397 2002 490 2082 όντως
518 1993 626 2087 οόσαν,
658 2003 698 2091 ἢν
725 2005 776 2074 διά
803 2013 891 2074 τοῦτο
914 2007 997 2093 ζωὴν
1020 2011 1135 2095 λέγομεν
1151 2001 1179 2082 ὡς

115 2113 175 2201 ἤδη
198 2113 382 2200 όγκουμένην
402 2119 446 2207 είς
467 2111 626 2180 διάστασιν
653 2116 706 2181 καὶ
725 2121 988 2203 παρακινουμένην
1020 2123 1064 2195 είς
1090 2115 1178 2199 διάκρι-

117 2250 183 2305 σιν,
204 2225 256 2289 καὶ
276 2221 316 2296 ῶς
336 2219 373 2287 τό
395 2215 489 2307 ὄνομἰι
510 2229 656 2308 σημαίνει,
677 2221 801 2300 ζέουσάν
818 2251 850 2290 τε
871 2227 923 2290 καί
943 2225 1177 2313 ἆναβράιτουουν,

67 2388 71 2395 ,
117 2330 202 2398 οὔπω
218 2330 252 2396 δὲ
274 2333 423 2414 χυθεῖσαν
444 2335 487 2405 εἷς
508 2329 597 2396 εἰδῶν
616 2330 784 2398 ὑπόστασιν
794 2380 804 2412 ,
822 2330 888 2398 ἄλλ’
908 2336 940 2398 ἐν
962 2337 1004 2418 τῶ
1018 2315 1085 2410 ’ζείν
1099 2356 1127 2397 τε
1142 2324 1179 2392 κοί

116 2441 237 2518 άναζεῖν
268 2443 497 2525 θεωρουμένην,
543 2431 622 2505 ὅθεν
655 2441 706 2505 καὶ
732 2435 805 2506 όλον
837 2441 888 2505 καί
919 2443 994 2526 μέρη
1023 2440 1116 2525 αὐτὴν
1138 2433 1179 2500 όν·

116 2553 269 2635 υμνοῦμεν
288 2547 349 2634 πρό
372 2548 425 2634 τῆς
445 2548 598 2633 είδητικῇς
618 2547 740 2632 ἁπάσης
761 2547 893 2633 φύσεως,
917 2547 958 2625 ῶς
978 2548 1058 2616 διότι
1068 2553 1177 2633 μένουσι

117 2670 256 2737 κινείτω,
283 2658 335 2721 καί
359 2656 494 2741 ἡνωμένη
515 2657 624 2738 πάσχει
642 2682 672 2721 τι
698 2648 778 2741 ὅμως
804 2656 1050 2742 διακρινόμενον,
1078 2659 1118 2741 τῷ
1139 2649 1178 2745 μδ

115 2767 257 2851 ἡνωμένη
283 2765 335 2830 καί
354 2754 473 2847 μένοντι
498 2761 534 2829 τὸ
560 2755 634 2829 όλον
655 2752 748 2829 οὖσα·
776 2764 819 2848 τῷ
847 2764 880 2829 δὲ
907 2761 1118 2850 διακρινομένη
1140 2757 1178 2824 καὶ

116 2877 280 2958 κινουμένην
310 2871 348 2938 τοὶ
376 2875 470 2956 μέρη·
501 2866 607 2959 διόπερ
644 2874 696 2937 καί
722 2878 777 2956 μία
804 2867 893 2955 φάσις
920 2868 958 2936 τό
987 2861 1060 2938 όλον
1086 2871 1132 2936 καί
1152 2859 1180 2930 τό

115 2988 206 3066 μέρη,
226 2975 273 3048 ότι
292 2987 346 3064 μία
367 2981 388 3065 η
407 2979 616 3065 διακρινομένη
638 2981 683 3044 ἔτι
703 2982 754 3045 καί
775 2977 853 3064 ἤδη·
872 2981 969 3044 τοῦτο
990 2979 1046 3063 μὲν
1066 2979 1106 3055 ῶς
1124 2973 1178 3041 οὐκ·

117 3096 163 3158 ε’τι
191 3091 228 3156 τό
252 3088 558 3176 πόμπανγδγνωμένη,
591 3091 686 3154 έκεῖνο
715 3087 766 3168 δὲ,
805 3087 845 3163 ῶς
873 3084 960 3152 οὔπω
993 3084 1179 3172 διακεκριμένη

116 3199 233 3273 τελέως.
273 3203 347 3263 Μία
371 3200 471 3261 τοίνυν
490 3195 509 3279 η
529 3196 671 3279 μεσότης,
704 3193 744 3280 ἢν
763 3192 918 3277 καλοῦμεν
938 3191 1028 3259 δυοῖν
1057 3188 1181 3276 ὀνόμασιν

115 3301 205 3372 ’όλον
225 3305 277 3369 καί
295 3307 391 3388 μέρη
413 3301 490 3368 κατά
511 3298 548 3368 τό
568 3297 792 3387 συναμφότερον
820 3300 986 3387 ὁρωμένην·
1013 3296 1074 3388 πρό
1098 3297 1129 3364 δὲ
1150 3294 1182 3356 ἔτι

116 3417 168 3480 καί
186 3411 300 3496 ταύτης
320 3410 338 3496 ίγ
361 3408 552 3497 οὗοίαέστίν
575 3409 713 3494 Γἡνωμένη
737 3405 829 3491 φάσις
852 3408 956 3483 δπλῶς
983 3409 1036 3472 καί
1063 3404 1182 3485 α’διόκρν·

115 3549 185 3602 τος,
213 3520 249 3587 οό
276 3522 380 3602 μέντοι
409 3519 449 3593 ῶς
468 3513 505 3582 τό
524 3524 571 3597 ἒν,
600 3515 669 3582 ἄλλ’
696 3515 735 3592 ῶς
754 3513 790 3581 τὸ
811 3500 983 3599 ἡνωμένον·Ι
1007 3518 1100 3579 τοῦτο
1114 3508 1182 3576 δὲέκ

88 3654 90 3659 ·
115 3627 240 3694 πολλῶν
267 3626 320 3692 καί
343 3619 417 3708 μετά
444 3621 583 3688 πολλῶν·
613 3610 690 3686 ῶστε
716 3623 750 3686 ἐκ
778 3624 933 3704 στοιχείων
953 3620 1005 3684 καί
1025 3617 1060 3684 τό
1082 3616 1182 3703 πρῶτον

119 3729 324 3822 στονγειωτόν,
353 3727 430 3815 αδτη
452 3735 529 3795 ἐστί·
559 3728 611 3794 καί
637 3727 735 3813 γάρὴ
762 3726 863 3803 ἁπλῶς
884 3726 991 3806 οὐσία,
1024 3721 1100 3809 αότη
1125 3720 1180 3791 έστῖι

118 3844 157 3908 δι’
185 3840 222 3927 ἣν
247 3845 299 3908 καί
323 3841 344 3926 ἡ
365 3842 411 3916 τὶς
440 3837 527 3905 οὖσία
554 3839 711 3923 πανταχοῦ
731 3831 767 3901 τό
793 3842 826 3899 τί
850 3832 1054 3921 στοιχειωτόν·
1083 3827 1116 3898 τό
1134 3824 1179 3914 γάρ

187 4027 217 4092 7)
241 4021 314 4074 Mon.
338 4021 390 4071 τῶν
413 4018 575 4086 συναγωγῶν.
607 4014 724 4070 Inferius
749 4021 774 4069 ἰν
797 4018 832 4084 τῷ
857 4018 901 4080 ζῆν
924 4036 951 4070 τε
977 4016 1020 4068 καὶ
1043 4005 1179 4091 όναζῆνθ·

64 4154 65 4159 ¹
101 4080 182 4146 'Mox
201 4092 234 4150 ὡς
250 4103 310 4144 ante
328 4089 398 4142 διότι
416 4085 559 4142 delendum
579 4084 695 4141 videtur.

164 4184 170 4210 l
