2586 4672
14 252 16 256 ⁸
97 224 164 287 188

92 399 143 471 ίίτε
172 411 203 471 ἐν
224 405 371 490 διακρίσει
399 403 434 471 τό
455 405 531 470 εἶναι
552 406 685 491 ἐχόντων.
718 404 777 473 Διό
797 409 847 472 καί
869 411 927 472 τῶν
946 408 1084 471 ἐνταῦθα
1104 411 1162 470 ἐκα-

92 540 162 580 στον
189 519 306 599 γέγονεν
334 523 366 580 ἐν
393 518 445 580 καί
471 513 582 595 πολλὰ,
613 517 663 580 καί
692 513 743 578 διά
764 517 859 579 τοῦτο
888 518 920 579 ἐν
940 514 1014 603 τῇδε
1035 518 1071 602 τῇ
1094 511 1166 591 τόξα

89 623 143 710 καί
167 621 187 704 ἡ
215 621 301 687 οὐσία
329 619 453 704 καθαρὰ
477 625 578 707 γέγονε
601 620 797 706 γυμνωθείσιί
818 649 862 706 πη
883 625 943 689 τοῦ
964 620 1046 701 ἐνδς,
1066 623 1117 687 καί
1134 618 1168 685 τά

89 725 186 792 πολλά
209 726 347 794 αὐτόθεν
368 727 492 815 ὑπέστη,
512 725 657 816 πρότερον
672 728 705 793 δὲ
718 727 802 794 κατά
826 732 955 813 ἔμφασιν
976 718 1014 812 ἡν
1036 725 1072 793 τό
1094 728 1165 814 πλιὴ·

89 847 148 910 θος
176 839 210 900 ἐν
234 840 279 919 τῷ
298 835 456 920 ἡνωμένη·
485 829 563 902 ὅθεν
589 840 640 903 καὶ
663 834 917 921 δἸάμβλιχος
937 841 970 902 ἐν
992 841 1034 921 τῷ
1056 838 1099 902 ἐνί
1118 842 1165 920 μέ-

63 970 150 1010 -νειν
165 949 193 1020 3)
221 942 256 1009 τό
285 941 394 1029 νοητόν
419 943 614 1029 ἀπεφήνατο,
647 936 696 1011 ότι
722 945 834 1029 μᾶλλον
854 938 980 1029 ’ἡνωται
1000 941 1078 1028 πρός
1098 941 1167 1012 αὗτό

60 1055 140 1118 ’καί
166 1057 233 1118 κατ’
259 1050 332 1121 αὐτό
360 1052 557 1120 είδοποιεῖται
576 1050 596 1139 ἡ
616 1051 693 1118 κατά
715 1050 751 1118 τό
773 1050 815 1118 όν.
842 1052 960 1136 Ἀμέλει
981 1052 1053 1118 οὐδὲ
1073 1051 1167 1137 δικόρυ-

46 1150 49 1158 Ᾰ
87 1168 156 1228 σταί
177 1190 207 1227 τι
226 1166 259 1229 ἐν
280 1162 385 1247 αὐτῷ,
416 1162 436 1245 ἡ
453 1164 482 1237 4)
505 1160 610 1241 οὐσία,
632 1161 668 1227 οέ
688 1158 815 1245 νοητόν,
840 1161 895 1225 οὐκ
917 1157 992 1227 ἀλλο
1015 1160 1120 1227 οὐδέν·
1139 1164 1167 1226 ἐν

87 1268 185 1354 τοότῳ
214 1268 247 1333 δέ
273 1274 333 1356 ἔχει
360 1269 394 1336 τό
422 1270 513 1348 εἶναι,
541 1272 573 1334 ἐν
598 1274 639 1352 τῷ
667 1272 765 1335 πάντα
786 1269 864 1334 εἶναι
884 1265 960 1334 κατέ
983 1276 1165 1354 συναίρεσιν·

83 1381 178 1442 τοῦτο
200 1376 233 1442 δέ
254 1376 354 1444 αὐτοῦ
368 1379 431 1442 ἐστὶ
451 1379 501 1441 καί
522 1373 556 1442 τό
583 1375 669 1452 ὄντος
682 1379 710 1459 ⁵)
733 1373 842 1459 νοητόν
858 1373 973 1441 πάντα·
997 1380 1084 1442 ἐστι
1104 1375 1166 1463 γάρ

84 1481 184 1551 ἀλλα
213 1488 358 1568 νοητῶς
387 1486 463 1567 φησί
489 1480 532 1549 τό
554 1482 698 1568 λόγιον·
733 1480 855 1568 συνάγει
878 1480 933 1566 γάρ
955 1490 998 1558 είς
1018 1491 1050 1548 ἐν
1073 1482 1166 1559 πάσας

82 1593 169 1678 ἡμῶν
195 1589 252 1668 τάς
280 1589 399 1674 νοήσεις
425 1584 477 1657 καί
506 1604 589 1658 ποιεί
625 1598 696 1675 μίαν
723 1591 962 1675 συνειλημμίνην
998 1597 1030 1657 ἐκ
1065 1597 1167 1677 πασῶν

85 1701 215 1783 παντελῆ
243 1702 293 1765 καί
314 1699 484 1783 ἀδιάκριτον
503 1703 555 1765 καί
575 1700 615 1776 ὡς
635 1698 762 1783 ἀληθῶς
780 1698 935 1784 ἡνωμένην
955 1700 1078 1784 νόησιν,
1102 1707 1165 1765 οίαν

83 1814 139 1875 τοῦ
164 1812 277 1893 νοητοῦ
299 1813 412 1873 ἐκείνου
433 1806 489 1891 τὴν
508 1805 612 1892 νόησιν
627 1807 709 1872 ἐἶναι
735 1807 880 1893 βούλεται
902 1809 918 1872 ό
944 1805 1161 1896 Ἰάμβλιχος.

84 1923 124 1982 Εἰ
150 1917 184 1983 δέ
210 1919 242 1981 ἐν
268 1913 372 1991 ἀλλοις
397 1914 580 1981 ἐνδείκνυται
611 1913 716 1981 οὐσίαν
744 1914 822 1980 εἶναι
851 1912 909 1998 τὴν
936 1916 1088 2002 ἀκρότητα
1109 1921 1163 1981 τῶν

81 2027 207 2110 νοεραῖν,
235 2022 255 2108 ἡ
283 2024 299 2087 ὃ
322 2021 497 2102 Πλάτων,
524 2015 647 2106 ἡόστις
670 2012 726 2088 οὖν
747 2023 807 2086 τῶν
829 2026 923 2087 θείων
945 2021 1081 2108 ἀνδρῶν,
1112 2013 1178 2088 ου’-Ι

81 2131 132 2197 δέν
159 2129 294 2197 ἀτοπον·
322 2132 341 2214 ἡ
371 2127 427 2216 γάρ
454 2127 576 2213 καθαρὰ
601 2127 693 2196 οὐσία
721 2131 771 2196 καί
785 2135 813 2203 ⁶)
835 2127 913 2194 κατά
928 2130 960 2196 ’I
963 2130 1161 2217 αμβλιχον

66 2235 114 2304 ’ἐν’
132 2238 205 2331 τῇδε
224 2235 355 2324 ἀνεφάνη
376 2234 471 2315 τέξει·
498 2239 545 2322 εἴη
566 2236 595 2301 δ’
616 2233 652 2301 ἀν
672 2227 752 2321 οἱίτη
774 2237 794 2320 ἡ
819 2236 907 2320 νοερὰ
927 2235 1055 2324 ἀκρότης
1077 2237 1160 2305 οὐσία

79 2342 170 2430 νοερά
199 2333 288 2412 οὖσα.
319 2349 410 2410 τοῦτο
440 2343 475 2410 δέ
504 2349 567 2410 ἐστι
591 2342 772 2428 διωρισμένη
802 2347 879 2409 καθ’
908 2341 1020 2430 αὖτὴν,
1048 2351 1102 2412 καί
1121 2351 1159 2431 τηῖ

80 2452 124 2518 ἐνί
153 2453 364 2538 ὑπεστρωμένη
393 2449 433 2527 οἷς
463 2455 549 2538 ἑτέρα
574 2454 664 2537 ἑτέρῳ
690 2449 768 2517 κατίι
797 2449 851 2535 τὴν
878 2454 940 2517 ἐκεῖ
959 2452 1160 2536 ἀναφανεῖσαν

80 2557 215 2646 οιίσιοίδη
236 2562 286 2623 καί
305 2563 420 2626 ἑνιαίαν
440 2558 609 2644 ἑτερότητα.

160 2663 272 2732 Πολλά
298 2669 403 2749 μέντοι
430 2662 594 2748 ἀντιλέγειν
612 2663 774 2739 δοκοῦντες
802 2667 938 2749 ἐοίκαμεν
958 2671 1029 2751 περὶ
1050 2668 1155 2754 ἐνόμοα

76 2801 129 2849 τος
158 2770 252 2859 μόνου
280 2784 436 2839 ποιεῖσθαι
464 2770 520 2856 τὴν
539 2768 701 2858 διαμάχην.
731 2777 772 2837 Εί
788 2772 842 2857 μέν
862 2771 918 2857 γάρ
939 2773 1087 2842 οὐσίαν
1106 2804 1156 2842 κα-

48 2911 61 2931 1
76 2878 189 2965 λοῦμεν
208 2877 262 2966 τὴν
281 2878 341 2965 ἡδη
363 2879 609 2964 διακρινομένην,
639 2876 696 2944 οιίκ
717 2875 755 2943 ἀν
777 2881 822 2965 εἴη
845 2877 880 2945 τό
899 2881 1053 2965 ἡνωμένον
1074 2883 1156 2950 οὐσία

71 2973 218 3073 τοιαύτη·
248 2986 315 3054 ἀλλ’
333 2979 400 3070 ἡτις
421 2991 485 3052 ἐστί
505 2984 580 3070 μετά
600 2985 635 3051 τό
656 2986 809 3070 ἡνωμένον
829 2994 861 3053 ἓν
881 2992 931 3054 καί
952 2989 1056 3056 πολλὰ
1076 3019 1154 3078 γενο-

35 3154 37 3158 ,
74 3096 165 3179 μένη·
194 3097 287 3159 έκεῖνο
318 3093 350 3157 δὲ
376 3084 413 3180 ἡν
442 3100 478 3181 ἓν
501 3089 601 3157 πολλά
629 3093 669 3167 ὡς
703 3093 861 3178 ἡνωμένον.
895 3132 933 3142 -
974 3104 1017 3163 Et
1046 3099 1153 3166 δὲκαὶ

74 3208 170 3267 τοῦτο
190 3197 268 3268 κατά
285 3196 336 3279 τάς
356 3203 513 3285 εἰρημένας
533 3198 670 3279 ἐνδείξεις
690 3201 796 3267 οὐσίαν
814 3202 904 3268 καλοῖ
915 3231 976 3284 τις,
998 3205 1152 3274 οὐδὲντο-

73 3301 203 3395 ρόλογον
222 3307 437 3387 ὑποτίθεσθαι
457 3305 515 3396 πρό
537 3311 591 3391 τὴς
612 3314 655 3386 εἰς
674 3306 775 3376 πολλὰ
789 3309 1016 3398 διακρινομένης
1035 3317 1078 3382 δι’
1092 3322 1150 3384 ἕπε.

73 3421 197 3501 ρότητος
219 3415 322 3493 οὐσίας
335 3416 422 3485 ,εἶναι
442 3413 499 3501 τὴν
521 3418 675 3492 παντελῶς
686 3418 842 3503 ἡνωμένην
862 3422 913 3485 καί
933 3419 1151 3517 ἀνετεροίωτον.

71 3521 131 3592 Διό
157 3525 209 3589 καί
235 3527 290 3610 τὴς
316 3520 490 3610 ἑτερότητος
518 3524 608 3608 μὴττω
634 3527 807 3611 ἐκφανείσης
838 3525 895 3591 οὐκ
916 3525 1016 3606 ἐδοξεν
1045 3530 1081 3597 τό
1103 3532 1152 3599 ”Or

59 3630 254 3698 διίστασθαι
273 3634 329 3696 τοῦ
352 3627 453 3710 ἐντος,
482 3629 545 3696 ἀλλ’
572 3631 637 3697 οἷον
656 3630 732 3716 πρὸς
753 3631 828 3701 αὐτό
850 3634 1075 3720 συγκεχύσθαι·
1102 3645 1149 3708 καί

64 3729 146 3824 ἰίότη
169 3743 249 3805 ἐστίν
270 3739 289 3826 ἡ
312 3741 478 3824 ζητουμένη
501 3738 675 3825 μεσότης
696 3745 751 3807 τοῦ
771 3740 835 3817 ἐνὸς
856 3749 906 3809 καί
927 3750 982 3809 τοῖι
1003 3744 1106 3826 ὄντος,
1127 3753 1145 3835 ἡ

138 3881 167 3934 δι
186 3880 260 3931 Mon.
278 3883 394 3948 μένει...
406 3919 411 3932 .
425 3879 489 3950 πρὸς
507 3876 590 3930 ἑαυτὸ.
656 3877 774 3947 Ἀμελλει.
786 3858 827 3918 ί·
844 3884 873 3942 λ)
894 3884 966 3936 Mon.
985 3888 1086 3940 rectius
1105 3887 1147 3939 οίιιι

70 3962 133 4020 (pro
151 3949 180 4015 ἡ)
200 3947 290 4012 odota,
316 3947 347 4000 οὐ
368 3947 463 4014 νοητὸν
465 3984 533 4001 .....
552 3953 578 3999 ἐν
596 3948 624 3999 δὲ
642 3948 734 4016 τούτῳ.
769 3978 800 3990 -
840 3948 872 4016 5)
890 3952 964 4005 Mon.
984 3956 1028 4007 καὶ
1044 3958 1092 4010 ’τοῦ
1110 3956 1145 4008 όν-

68 4038 114 4079 '00
115 4056 189 4072 ·····
207 4023 270 4086 W
287 4017 333 4084 τόν
352 4020 559 4088 συηὼίίίμίνίί·
578 4045 612 4059 ··
646 4018 676 4082 6)
696 4018 770 4072 Mon·
788 4020 831 4071 καί
848 4036 901 4075 τινα
918 4021 1017 4088 hahet,
1035 4026 1145 4097 itemque

68 4093 140 4159 ίτίρα
159 4086 231 4140 ἰαίνει
250 4087 350 4141 omisit.
370 4087 467 4148 Hnmb,
518 4151 523 4171 Ι
714 4124 717 4125 ⁷

375 4207 380 4236 Ι
427 4210 431 4228 ί
