2586 4672
170 228 241 293 334

169 412 282 490 σμένον
295 408 323 485 ³)
346 403 519 486 ίδιστήτοιν,
541 406 605 471 οἷον
623 406 687 471 ἀπό
707 410 762 491 τῆς
784 402 1047 487 συνθέτουῆιάπό
1064 408 1120 482 τῆς
1136 410 1245 482 ἑνίαίας,

153 513 235 580 ,ἀλλ’
249 511 309 580 ἀπό
330 519 382 597 τῆς
402 510 462 600 πρό
483 519 537 578 τοῦ
547 514 845 600 χωρισαοῦμιῦιςπρό
861 513 985 600 ἀμφοῖν.
1016 512 1078 587 Ὡς
1095 512 1150 598 χάρ
1162 511 1248 582 ἆπδῦς

170 621 205 686 τό
227 619 379 706 ἡνωμένον
399 619 459 705 πρό
479 619 543 696 ἑνός
564 622 615 686 καί
638 617 724 694 όντος
744 621 897 705 ε’λέχομεν,
924 615 1005 684 οῦτω
1026 621 1081 686 καί
1100 647 1120 702 η
1143 623 1246 684 ἐκείνων

171 724 241 792 οῦτε
262 725 413 804 σύνθετός
434 732 533 808 ἐστιν,
568 725 758 815 οῦτοιάπλῆ,
793 727 855 793 ἀλλ’
882 727 1022 812 η”νωμένη
1051 726 1113 812 πρό
1139 725 1247 812 ἀμφοῖν.

174 829 263 904 Οῦτω
287 833 345 923 χάρ
363 840 414 902 καί
434 837 453 923 ἡ
477 833 550 920 ζωὴ,
585 833 623 919 ἣν
644 835 767 921 λέγομεν
784 834 914 920 νοητόν,
947 834 1088 919 ἡνωμένη
1110 837 1175 900 ἐστί
1198 834 1246 916 ζιιό

169 939 228 1027 πρό
240 949 293 1024 τῆς
312 947 427 1018 ἑνιαίας
447 945 498 1008 καί
520 945 576 1028 τῆς
598 942 661 1007 οἷον
684 947 799 1027 μικτῇς.
845 932 935 1008 Οῦτω
952 942 1054 1008 δὲκαὶ
1067 947 1138 1018 νοῦς
1158 943 1244 1025 όνόη-

170 1048 220 1125 τός
241 1046 311 1116 οῦτε
330 1047 443 1124 εἰίαίός
463 1054 558 1128 ἐστιν,
594 1049 662 1115 οῦτε
684 1050 700 1114 ὃ
719 1047 796 1135 πρός
816 1053 926 1117 τοῦτον
947 1047 1245 1144 ἀντιδιμρημένοςῦς

171 1154 268 1242 όχημα
289 1157 364 1245 πρὸς
384 1154 560 1243 ὀχούμενον,
592 1155 611 1237 ἢ
633 1155 782 1243 οῦσιοίδης
801 1159 853 1222 καί
873 1155 1025 1233 σῦνθετος
1047 1154 1127 1239 πρὸς
1153 1158 1246 1224 ἑνιαίόν

88 1288 150 1345 pag·
168 1291 202 1331 τε
222 1269 273 1330 καί
293 1248 430 1341 διπλοῦν·
455 1264 519 1331 ὅδὲ
531 1264 591 1349 πρὸ
607 1263 719 1347 ἀμφοῖν
738 1267 790 1328 καὶ
809 1263 869 1348 πρό
889 1269 944 1346 τῆς
958 1262 1149 1348 διακρίσεως.
1186 1260 1245 1331 Διό-

93 1357 150 1394 '²¹'
168 1400 225 1460 περ
243 1375 258 1440 ὃ
273 1374 328 1458 μὲν
343 1377 554 1459 κεχωρισμένος
567 1369 705 1455 ἑκάτερός
721 1379 767 1448 τίς
782 1376 847 1438 ἐστι
861 1375 944 1446 νοῦς·
969 1371 1055 1455 ὃμὲν
1071 1367 1130 1455 μάρ
1142 1375 1245 1448 ἑνιαῖος,

168 1480 241 1546 ὅδὲ
263 1476 417 1565 οῦσιαίδης.
469 1479 639 1544 Ιίαλείσθοι
667 1476 723 1566 χάρ
755 1478 847 1545 οῦσία
875 1476 1048 1560 κοινότερον
1070 1477 1106 1542 τό
1135 1478 1244 1544 ἀντικεί-

167 1610 256 1672 μενον
275 1590 316 1679 τι]
335 1584 444 1670 μονάδι
465 1583 542 1653 κατά
561 1582 616 1652 τόν
635 1586 897 1669 Παρμενίδην·
918 1583 1027 1660 ἁπλοῦς
1044 1584 1081 1649 δὲ
1099 1584 1245 1671 οὐδέτερος,

167 1693 229 1759 ἀλλ’
253 1694 269 1759 ὅ
292 1692 399 1778 νοητὸς
420 1693 522 1768 ἁπλῶς
538 1698 625 1770 νοῦς·
647 1697 698 1761 καί
720 1691 776 1780 χάρ
798 1697 908 1769 ἐκεῖνος
931 1693 947 1758 ὅ
967 1691 1091 1778 πραίτος
1107 1696 1185 1774 νοῦς,
1201 1693 1244 1775 ἀφ’

168 1794 204 1867 οῦ
224 1802 425 1887 διεκρίθησαν
446 1796 465 1863 ίί
484 1827 518 1866 τε
550 1806 669 1888 πρῶτος
690 1807 802 1878 ἑνιαίος
829 1805 881 1867 καί
903 1801 919 1866 ὃ
943 1805 1069 1884 πρῶτος
1100 1800 1244 1887 οῦσιοίδης,

167 1912 286 1993 πρῶτος
313 1909 367 1992 μὲν
392 1906 448 1988 όίν,
484 1904 559 1995 πρός
585 1937 615 1974 τι
639 1909 673 1974 δὲ
703 1904 783 1993 ῦμαις
810 1905 964 1996 ἑκσίτερρς·
1000 1911 1017 1974 ό
1040 1909 1075 1976 δὲ
1096 1902 1138 1996 ἦν
1156 1912 1245 1983 διπλόος

167 2021 296 2099 πρῦιτος.
341 2010 431 2082 Οῦτω
452 2015 484 2082 δὲ
505 2018 596 2102 κοίη
619 2019 722 2093 ἀτελοῦς
740 2017 801 2104 ζωὴ
823 2021 899 2104 πρός
920 2020 1068 2105 ἑκατέραν
1089 2018 1147 2105 τήν
1166 2047 1245 2103 κεχο-

165 2127 305 2210 ριομὲνην
327 2131 370 2199 εἰς
389 2123 425 2191 τό
456 2129 568 2191 ἑνιαίον
595 2128 645 2191 καί
667 2126 810 2201 οὐσιῶδες
831 2127 935 2202 ἁπλοῦς
963 2126 1046 2192 οὐσα
1073 2132 1127 2194 καί
1154 2126 1245 2215 προίτη

166 2229 235 2318 ζωή.
276 2235 341 2302 Καὶ
364 2261 383 2320 η
407 2233 498 2300 οῦσία
527 2232 565 2318 δη
588 2234 640 2298 τόν
661 2234 757 2300 αάτόν
784 2238 897 2316 τρόπον
922 2232 982 2319 πρὸ
1002 2239 1151 2320 ἑκατέρας
1176 2233 1246 2310 τινός

167 2339 260 2427 οῦσης
284 2343 389 2420 ἁπλοῦς
417 2333 492 2408 οῦσα
514 2341 618 2408 σῦσία·
653 2339 730 2438 ματά
755 2342 810 2428 μάρ
839 2339 875 2436 τό
906 2345 1135 2430 συναμφότερον
1157 2347 1171 2409 ό
1196 2340 1245 2429 πρό

165 2453 306 2535 ἑκατέρου
327 2447 449 2526 πάντως
463 2451 541 2530 ἐστὶ,
561 2452 612 2514 καί
630 2449 666 2516 οῦ
679 2454 778 2515 ταῦτα
790 2449 886 2534 μόνα,
907 2447 986 2514 ἀλλά
1004 2454 1058 2515 καί
1073 2449 1114 2516 τά
1136 2457 1167 2518 ἐν
1178 2449 1243 2517 τοῦ-

165 2581 229 2632 τοις
248 2559 299 2620 καί
316 2553 377 2622 ἀπό
398 2556 517 2622 τούτων
534 2556 745 2642 διακρινόμενα
763 2553 866 2623 πάντα
888 2561 948 2623 ἐκεῖ
967 2556 1157 2645 συνήρτηται
1175 2551 1242 2623 κατά

164 2660 201 2728 τό
222 2660 464 2750 συναμφότερον(
482 2663 584 2729 πιίντα
605 2667 669 2730 ἐστὶ
692 2665 762 2751 χάρ,
783 2662 865 2732 ἀλλά
885 2669 1013 2749 νοηταῖς,
1036 2671 1114 2752 φησί
1134 2668 1168 2732 τό
1193 2666 1243 2731 λό-
1279 2717 1280 2722 1

164 2796 259 2854 χιον.
312 2770 373 2853 Διά
393 2777 422 2836 τί
443 2758 497 2835 νῦν
517 2767 558 2855 μὴ
580 2775 631 2837 καί
652 2779 696 2849 είς
722 2775 821 2838 πάντα
842 2772 1002 2865 διαιρεῖται
1024 2772 1197 2859 ἀναλόγους
1225 2771 1243 2856 ἢ

165 2873 214 2942 ότι
234 2876 300 2942 οὐδ’
321 2884 366 2953 είς
379 2880 407 2956 ²⁵)
430 2883 526 2944 ταῦτα
545 2878 623 2944 κατά
643 2879 811 2979 ἀληθειαν,
832 2882 950 2948 ἔστιδὲ
970 2877 1053 2965 ὅμως
1070 2883 1174 2948 πιίντα
1191 2887 1243 2948 ἐκεῖ

164 2982 217 3050 τόν
238 2984 410 3069 ἀδιάκριτον
430 2983 555 3071 τρόπον·
587 2992 614 3051 εί
634 2987 668 3052 δὲ
696 2988 860 3074 ἀναχκαίον
880 2994 1082 3072 ἐκφαίνεσθαι
1104 2996 1180 3071 ἐκεῖ,
1209 2986 1241 3054 κά

164 3097 269 3175 πρῶτα
289 3089 327 3156 ἀν
355 3092 471 3176 μᾶλλον
491 3098 674 3177 ἒκφαίνοιτο.
725 3099 790 3161 Καί
814 3102 909 3163 ταῦτα
933 3095 973 3163 ἀν
997 3099 1046 3183 εἴη
1073 3098 1153 3183 πρός
1178 3099 1240 3183 χοῦν

163 3204 218 3278 την
243 3199 405 3279 ἀναλογίαν
433 3207 552 3284 ἕτοιμα,
593 3194 650 3268 ὅσα
679 3202 859 3288 γενικώτατα
889 3208 941 3270 καί
969 3203 1167 3273 ἁπλούστατα
1195 3205 1240 3270 καί

163 3304 314 3372 θειότατα
335 3309 386 3371 καί
405 3313 512 3391 πρῶτα
532 3312 670 3396 τυχχόνει
690 3309 762 3376 όντα
782 3315 842 3376 τῶν
855 3310 985 3377 ἀπότσῦ
1001 3317 1116 3397 νοητοῦ
1127 3311 1239 3396 προϊόν·

162 3433 236 3480 των·
273 3413 309 3479 οὐ
339 3411 394 3501 γάρ
420 3412 459 3482 ἀν
486 3421 587 3500 πρῶτα
617 3418 744 3503 ἕκφιίνη,
777 3425 805 3484 εί
823 3417 864 3504 μη
887 3421 938 3484 καί
965 3423 1027 3485 ἐκεῖ
1045 3424 1080 3487 ἐν
1106 3425 1144 3510 τῇ
1164 3419 1239 3486 ἀδῑνι

229 3651 256 3720 5)
275 3649 372 3702 Ηαταίν.
390 3659 572 3723 χωρισμένιιν,·
592 3654 660 3707 etin
679 3672 737 3726 sqq.
761 3658 817 3716 ἑνὸς
839 3656 882 3721 καί
900 3654 991 3715 ίίντοις.Δ
1023 3657 1098 3709 Mon.
1126 3661 1168 3710 καί
1186 3670 1236 3711 ante

162 3727 218 3774 οίον
233 3722 325 3790 μικτῇς
343 3723 441 3774 omisit.
473 3707 554 3775 Αοόεε
572 3725 667 3778 Hamh.
687 3727 770 3777 verba
788 3725 846 3778 οὔτε
864 3725 991 3786 σύνθετός
1007 3728 1061 3778 ἔστι
1079 3727 1123 3779 bis
1142 3727 1235 3798 posuit,

161 3802 188 3842 et
213 3793 286 3842 Mon.
313 3788 427 3842 inferius
449 3795 550 3861 πρῶτος
575 3793 701 3862 οῦσιώδης
726 3797 824 3868 repetit
863 3795 958 3846 Hamb.
984 3795 1011 3846 δὲ
1035 3809 1099 3866 post
1123 3797 1186 3867 πρός
1207 3817 1235 3855 τι,

161 3872 238 3929 atque
252 3861 327 3910 Mon.
348 3872 411 3929 post
424 3860 508 3922 ἁπλῶς
526 3862 613 3915 dmisit
632 3863 702 3916 οίσα.
731 3895 762 3904 -
780 3871 808 3929 α)
828 3865 903 3917 Mon.
926 3864 1026 3924 οὐδεὶς,·
1044 3865 1115 3916 idem
1133 3868 1160 3916 in
1179 3883 1235 3917 con·

160 3941 233 3980 textu
251 3927 315 3996 πρὸς
332 3931 395 3995 χοῦν
404 3953 416 3992 ,·
434 3933 468 3982 οδ
486 3948 569 4002 marg.
587 3937 634 4000 μὲν
652 3932 800 4002 utrobique
820 3951 878 3986 cum
897 3946 958 3986 ποια
976 3934 1088 3999 adjecta.
1127 3935 1181 3987 Pro
1198 3939 1234 3985 ἐκ·

161 3997 407 4066 ηόιιη1,ἐξεφάνη.
449 4000 550 4053 Postea
569 4003 641 4056 Mon.
663 4007 848 4073 συνυφίσταται
865 4023 888 4056 κ.
915 4022 937 4053 ο.
966 4007 1233 4073 συνεκφαίνεοθαι...

161 4080 186 4118 et
206 4066 269 4136 πρὸς
289 4066 357 4136 αἰνῷ
376 4067 530 4134 ἱπάσχοντα.
