2586 4672
120 221 190 300 τιό
245 204 251 214 “

120 416 189 485 οῦτε
208 414 361 513 μεθεκτόν
379 417 524 504 πλῆθος,
557 416 627 484 οῦτε
652 418 823 502 ἀμέθεκτον
842 422 977 504 πέφυκεν
1006 417 1187 508 προάγειν,ῑ“ό

117 525 269 612 μονοειδές
290 530 353 592 έστι
373 528 425 592 καλ
446 524 630 610 ἀδιάκριτον.
675 526 795 593 Οὐκοῦν
809 528 836 611 ¹)
861 527 932 593 οὐδὲ
943 527 977 593 τό
989 529 1061 594 εἴσω
1077 527 1189 612 πλῆθος

118 631 207 700 εἰδῶν
231 631 351 715 ε’στινῆ
375 636 472 720 μερῦν
499 629 521 715 ἢ
547 641 712 718 στοιχείων,
749 631 766 699 “ό
795 661 827 720 με
856 633 927 701 οὐδὲ
952 637 1081 723 πλῆθος
1107 627 1189 711 οῦτως

117 744 215 820 ἐστίν,
248 731 287 816 ὥς
307 767 410 820 τινων,
435 738 623 825 ἀλλὰμόνου
644 742 786 826 πλῆθος,
810 741 883 808 οῦδὲ
904 742 1018 809 τοῦτὸν
1039 744 1079 820 ὡς
1099 743 1188 838 διηρη-

116 853 213 934 μένων
241 852 292 914 καί
317 851 350 913 ἐίι
376 875 467 916 τινων
493 849 596 924 ἁπλοῦς
625 854 837 935 συγκειμένων,
872 849 939 936 οῦχί
965 851 1104 932 τοτῦνδε,
1136 851 1186 917 ἀλλ’

115 956 275 1043 ἡνωμένων
296 959 348 1022 καί
368 961 421 1042 τῆς
442 962 540 1042 μενεῦς
561 961 686 1042 ἐκείνης,
715 961 770 1023 τοῦ
790 957 916 1044 ἀπείρου
937 962 990 1024 καί
1010 959 1130 1026 πολλοῦ
1148 962 1188 1024 καί

114 1064 268 1151 χαιόδους·
297 1062 345 1130 διό
366 1066 417 1130 καί
437 1063 600 1150 ἀπείρητον
621 1067 736 1151 εἴρηται
755 1065 900 1151 πλῆθος,
934 1066 974 1142 ὡς
995 1069 1028 1131 ἐν
1048 1075 1188 1153 Παρμε-

114 1172 176 1238 νίδ
182 1202 215 1268 η,
253 1172 293 1248 ἀς
313 1177 341 1237 εί
369 1172 450 1256 ἔλεγε
470 1173 521 1239 καὶ
541 1170 577 1236 τό
597 1179 629 1238 ἓν
650 1170 731 1248 εἶδος
757 1173 868 1253 οιῦτοῦ,
908 1181 941 1240 ἓν
967 1179 1187 1259 πεπερασμένον.

108 1279 169 1356 Ὦς
191 1278 245 1365 γάρ
265 1277 422 1359 διήλλαξεν
441 1283 498 1363 τῆς
516 1278 638 1364 πρώτης
659 1277 765 1364 ἀρχῆς,
803 1279 873 1346 ἀντὶ
894 1279 960 1357 ἑνός
979 1280 1133 1367 ἡνωμένον
1148 1307 1186 1367 ηε-

115 1383 213 1474 νονρς,
234 1383 331 1469 τούτῳ
344 1384 520 1472 παρήλλαξε
535 1389 585 1451 καί
601 1390 656 1471 της
668 1386 818 1470 δευτέρας,
839 1385 905 1454 ἀντί
919 1387 1060 1475 ἀπειρίας
1071 1389 1186 1474 ἄπειρον,

115 1499 168 1561 καί
185 1494 251 1560 ἀντὶ
264 1495 381 1580 πολλῆς
396 1501 429 1559 ἓν
450 1494 545 1573 εἶδος,
566 1494 691 1579 πλῆθος
705 1489 874 1578 γενόμενον.
901 1493 957 1570 Ὡς
977 1493 1036 1580 μὰρ
1052 1495 1189 1582 ἡνωμένον

114 1599 176 1669 ἀπό
200 1606 256 1667 τοῦ
278 1600 359 1680 ἑνός,
392 1594 473 1667 οῦτω
498 1601 758 1685 πεπληθυσμένον
784 1597 846 1665 ἀπό
869 1604 934 1668 τῶν
955 1601 1063 1678 ῦπλῶς
1080 1603 1189 1669 πολλῦν

112 1714 242 1795 ἐγένετο·
265 1706 348 1775 τόδὲ
364 1715 396 1774 ἓν
408 1709 505 1774 αὐτοῦ
521 1709 571 1773 καί
586 1705 687 1774 πολλά
703 1706 869 1799 συνῄρηκεν
879 1714 923 1785 είς
937 1716 1011 1794 μίαν
1032 1707 1126 1794 φῦσιν
1141 1705 1189 1795 την

16 1904 19 1912 .
39 1807 40 1810 Ἴ
112 1821 316 1912 συνηρημένην
332 1816 385 1900 μὲν
397 1819 430 1881 ἐκ
444 1819 508 1880 τιῦν
522 1814 609 1880 δυοῖν
624 1815 731 1899 ἀρχῶν,
753 1827 956 1909 συνηρηκυῖαν
971 1817 997 1899 ²)
1020 1816 1055 1884 δὲ
1068 1819 1189 1912 ε’νέαοτῇ

111 1927 163 1989 καὶ
185 1928 245 1990 τῶν
265 1927 339 2007 μεθ’
360 1917 469 2004 ἑαυτὴν
489 1922 540 1986 καί
560 1920 613 1986 ἀπ’
633 1921 727 2009 αὐτῆς
741 1919 1094 2013 ῦποστάντωντην,“όλην
1107 1923 1187 2010 πρόο-

109 2029 178 2106 δον,
199 2031 250 2095 καὶ
270 2028 400 2113 μάλιστα
422 2025 499 2093 κατά
520 2025 577 2110 την
599 2028 796 2114 γενικωτοίτην
815 2029 918 2095 αὐτῶν
931 2030 1083 2115 διάκρισιν
1099 2035 1188 2116 έμφα·

108 2149 212 2205 νεῖσαν
232 2136 338 2222 οὐσίαν
359 2139 410 2200 καί
431 2131 507 2214 ζωὴν
528 2137 581 2200 καὶ
592 2141 676 2200 νοῦν·
698 2128 1008 2226 ὧνβουλόμενοιτην
1020 2143 1187 2206 ἐκεῖσυναί-

109 2271 189 2334 ρεσιν
211 2244 287 2312 ἰδεῖν
307 2245 373 2310 ἀντ’
395 2248 508 2328 ἐκείνης
527 2239 581 2330 την
602 2247 721 2310 ἐκεῖθεν
743 2244 857 2330 ὁρῶμεν
878 2241 1046 2329 διάκρισιν·
1075 2247 1122 2314 δεῖ
1140 2237 1188 2312 οῦν

107 2350 148 2441 μὴ
171 2358 320 2438 ἐπιμένειν
340 2351 436 2446 αὐτῇ,
458 2348 535 2416 ἀλλά
555 2353 673 2435 φεύγειν
694 2350 924 2438 προτροπάδην,
951 2351 991 2418 οῦ
1014 2359 1088 2420 νοῦν
1107 2358 1189 2419 τιθέ-

106 2487 191 2544 μενοι
212 2466 323 2528 ἐκεῖνον
336 2463 381 2541 3),
415 2458 479 2524 ἀλλ’
511 2459 574 2525 οἷον
594 2461 681 2534 νοῦν,
716 2457 789 2524 οὐδὲ
814 2455 904 2541 ζωὴν,
937 2458 1001 2524 ἀλλ’
1026 2461 1091 2526 οἷον
1112 2459 1188 2546 ζωόν,

107 2567 178 2634 οῦδὲ
199 2567 319 2648 οῦσίαν,
350 2566 416 2635 ἀλλ’
440 2567 505 2633 οἷον
526 2563 648 2647 οὐσίαν,
682 2564 752 2633 οῦδὲ
773 2559 850 2642 ’όλως
868 2566 1022 2653 πρόοδον,
1043 2568 1106 2635 ἀλλ’
1129 2568 1186 2634 οἷον

105 2672 249 2761 πρόοδον.
269 2712 308 2725 -·

186 2786 252 2852 Καὶ
271 2778 388 2868 μήποτε
409 2768 654 2868 συνακτέοντῆν
681 2784 907 2866 φανταζομένην
935 2782 1073 2860 ῦπωςοῦν
1098 2784 1184 2867 πρόο-

103 2887 159 2953 δον
184 2896 228 2966 είς
256 2896 328 2974 μίαν
342 2890 387 2966 ⁴),
420 2876 513 2953 οὖσαν
538 2883 595 2972 τήν
621 2887 715 2974 αὐτην
742 2890 812 2955 εἴσω
833 2915 865 2954 τε
891 2890 943 2954 καὶ
967 2893 1041 2968 ἔξω·
1074 2889 1110 2956 τό
1133 2885 1185 2976 γάρ

60 3050 64 3063 .
103 2995 217 3080 νοητόν
236 3002 287 3061 καί
310 2997 460 3081 ἡνωμένον
480 2991 557 3060 κατά
574 3001 647 3079 μίαν
668 2994 759 3078 φύσιν
777 2991 872 3079 μονάς
890 3021 925 3060 τε
942 2998 1043 3077 ἐστίν,
1063 3004 1090 3064 εί
1103 3021 1183 3085 προς·

23 3133 58 3187 pa
73 3152 83 3168 .
101 3094 168 3186 η’κει
189 3102 307 3187 μονάδα
328 3104 430 3169 καλεῖν
456 3102 512 3186 την
535 3100 740 3190 ἀπερίγραφον
765 3108 872 3168 ἕνωσιν
897 3106 958 3167 τοῦ
985 3109 1112 3189 νοητοῦ·
1126 3106 1183 3169 καί

25 3200 54 3237 ²²
76 3227 82 3240 ·
104 3200 146 3276 αῦ
168 3208 278 3296 κόσμος
291 3211 337 3291 ⁵),
357 3217 385 3276 εῖ
404 3210 453 3275 δεῖ
468 3206 579 3294 κόσμον
600 3208 769 3294 ὀνομάζειν,
792 3208 826 3274 τό
849 3209 1017 3294 ἡνωμένον,
1039 3214 1090 3278 καί
1110 3207 1182 3278 ῦπό·

101 3342 213 3401 κοσμον
225 3318 268 3402 τη]
284 3315 349 3384 όντι
368 3316 486 3402 βυθόν.
522 3316 567 3386 Οῦ
577 3312 635 3403 γάρ
658 3318 695 3394 ὡς
716 3320 765 3384 ἐπὶ
786 3321 845 3385 νοῦ
856 3319 907 3382 καί
923 3321 1000 3406 ζωῆς
1016 3322 1070 3386 καὶ
1086 3319 1182 3393 οὐσίας

63 3423 181 3508 ,ἀλλη
202 3425 256 3510 μὲν
279 3425 299 3510 ἦ
321 3427 424 3511 πράτη
447 3423 549 3505 οῦσία,
583 3425 660 3510 ἄλλη
686 3423 720 3492 δὲ
747 3422 783 3492 τό
806 3423 932 3507 πλῆθος
951 3423 988 3495 τό
1019 3427 1073 3494 ἀπ’
1094 3427 1182 3511 αὐτῆς

101 3532 332 3620 διακρινόμενον.
375 3534 524 3600 Καλεῖται
544 3532 578 3600 δὲ
598 3530 710 3619 κόσμος
732 3533 878 3618 οῦσιοίδης
896 3530 932 3600 τό
952 3533 1181 3622 συναμφότερον,

23 3638 28 3659 Χ
101 3643 154 3708 καί
175 3637 232 3728 ζωὴ
253 3643 380 3727 μίακαὶ
401 3641 514 3706 πολλαὶ
530 3639 606 3725 μετά
626 3637 683 3726 την
702 3645 789 3724 μίαν·
825 3635 936 3726 κόσμος
963 3641 1001 3708 δέ
1024 3646 1108 3709 ἐστιν
1128 3635 1179 3727 ῦμο

171 3870 194 3938 ι)
213 3869 287 3922 Mon.
312 3866 421 3922 Οῦιιουν.
451 3897 485 3909 -
514 3871 544 3935 κ)
564 3869 660 3921 Hamb.
680 3876 853 3940 συνηρηκιῖαν.
884 3898 919 3912 ·-·
948 3875 977 3937 3)
998 3873 1073 3928 Mon.
1093 3877 1177 3925 ἰκεῖεῖ

23 3993 26 3997 ,
101 3942 157 3992 οἷον
175 3939 245 4012 ζῶα
266 3967 298 3978 --
327 3943 356 4002 l.)
376 3939 451 3990 Mon.
468 3941 531 4007 μίαν
550 3939 582 3999 ὡς
600 3937 686 3992 οὖσαν.
718 3968 751 3980 -
780 3938 809 4004 5)
827 3940 902 3992 Mon.
928 3943 1000 4009 καί(
1024 3958 1057 3995 ro
1076 3945 1111 4004 εἰ)
1135 3943 1175 3995 δεῖ.

99 4007 321 4132 {mamm
339 4008 357 4064 l.
376 4024 402 4061 ν.
422 4006 591 4079 ῦπέρκοομον.
622 4009 680 4065 Art.
698 4007 730 4060 τὸ
747 4009 818 4062 inter
834 4011 939 4076 πλῆθος
956 4023 982 4065 et
999 4010 1042 4064 ευτ’
1062 4010 1139 4078 αῦτῆς
1153 4010 1174 4062 δ.
