2586 4672
175 225 247 298 254

173 403 483 493 τῷχιγνώσιιονιι
505 403 526 492 ἢ
546 408 587 491 τῷ
614 409 851 495 γιγνωσκομένη,
871 406 902 471 εί
915 433 960 484 τις
975 407 1083 480 ίθέλοι
1093 411 1148 497 χιαλ
1164 414 1237 477 τοῦτο

172 524 394 598 προςαπαιτεῑν,
1137 524 1141 529 ’

253 623 406 706 Λεγέσθω
425 626 527 688 τοίνυν
547 622 666 709 πρώτον
686 621 753 706 μὲν,
774 617 853 688 αύτό
872 618 908 688 τό
929 622 1007 689 εἶναι
1026 627 1188 715 παρέχεται
1201 630 1236 710 τη]

171 727 363 814 γιγνώσκοντι
381 729 402 814 ἡ
423 732 539 816 γνώσις.
576 727 706 814 Ἐνμέν
727 727 843 818 γάρτῷ
872 727 1045 816 γιγνώσκειν
1071 736 1132 819 ἔχει
1150 732 1183 798 τό
1200 732 1235 798 εί-

155 859 237 931 Ιναι,
258 834 276 901 δ
295 832 373 902 κατά
392 826 447 921 τὴν
466 838 578 916 γνῶσιν
598 835 759 902 ούσίωται’
781 837 832 902 καί
854 835 909 922 γάρ
931 838 947 902 ὃ
967 836 1040 915 νοῦς
1060 844 1092 905 έν
1105 845 1145 925 τῷ
1161 851 1235 918 νοεῖν,

172 936 247 1010 όίστε
266 943 302 1010 τά
322 955 404 1011 νοεῖν
423 941 511 1010 ούοία
531 945 588 1010 τού
605 945 676 1024 νοῦ,
696 946 748 1010 καί
764 940 804 1015 ,τό
824 941 879 1030 την
898 943 1001 1027 νόησιν
1014 946 1234 1034 έναπεργαζόμε·

121 1086 127 1103 ·
169 1075 223 1118 νον
241 1050 298 1138 τὴν
319 1051 422 1120 οὗσίαν
440 1050 567 1139 παράγει
591 1059 647 1119 τοῦ
675 1053 750 1119 νοῦ·
777 1056 868 1120 τοῦτο
889 1052 924 1120 δέ
951 1057 1016 1121 ἐστι
1037 1051 1073 1121 τί
1099 1052 1201 1141 νοητόν
1211 1058 1233 1138 ί)

170 1164 222 1228 καί
242 1159 383 1244 γνωστόν.
695 1169 697 1177 ’

245 1267 376 1337 Ἔπειτα
397 1265 474 1335 κατά
493 1267 550 1356 τῆν
577 1265 817 1355 άντωναράθεσιν
848 1271 957 1335 ἑαυτοῦ
979 1248 1090 1346 όνοῖνς
1117 1269 1186 1358 πρός
1207 1254 1234 1335 τό

66 1451 69 1471 χ
160 1378 281 1471 Ινοητόν
312 1384 442 1464 ἐκφαίνει
477 1375 511 1443 τό
542 1381 575 1443 ἐν
601 1380 703 1461 ἐκείνῳ
729 1373 854 1463 νοητόν,
888 1381 916 1442 τί
941 1379 994 1442 καί
1021 1373 1063 1463 μὴ
1090 1377 1232 1462 ὑφίστησιν

170 1488 210 1566 ὥς
229 1494 422 1574 προείπομεν.
464 1490 578 1571 Τρίτην
599 1484 632 1551 δὲ
653 1487 702 1551 ἐπὶ
722 1482 842 1562 τούτοις
855 1484 1001 1569 ὠφέλειαν
1018 1484 1039 1570 ἦ
1057 1484 1161 1573 νόησις
1170 1502 1232 1568 παρ

79 1595 86 1605 ’
171 1598 268 1682 έχεται
288 1598 330 1680 τῷ
349 1597 490 1685 νοοῦντι,
511 1587 559 1658 ότι
578 1592 725 1660 είδονοιεί
750 1589 828 1659 κατά
848 1590 885 1659 τό
911 1592 1076 1676 νοούμενον
1104 1593 1157 1660 τόν
1175 1596 1233 1660 νούν

169 1705 220 1770 καί
238 1708 358 1789 ἵστησιν
377 1698 452 1766 αὐτὸ
472 1707 572 1787 τρίτον
592 1697 612 1783 η’
631 1700 771 1787 δεύτερον
790 1697 811 1786 ἢ
831 1699 1020 1777 όποστονοῦν
1032 1695 1232 1787 προεληλυθός

167 1810 263 1904 ἐντῷ
283 1807 355 1874 εἴδει
379 1812 439 1875 τού
457 1807 688 1893 προαγαγόντος.
739 1812 844 1874 Τοῦτο
865 1807 919 1894 μέν
939 1806 979 1894 δη
1007 1811 1197 1892 σεμνότατον,
1212 1811 1232 1871 εί

170 1919 222 1984 καί
241 1913 281 1983 τά
303 1917 390 1982 αἴτια
415 1926 482 1992 τοῖς
508 1919 569 1981 τῶν
593 1919 695 1981 αίτίωυ
722 1915 815 1982 εἴδεσι
844 1927 949 2000 κοσμεῖ
976 1914 1091 1998 τρόπον
1119 1912 1169 1982 τόν
1193 1909 1232 1980 διό

169 2022 312 2110 γνώσεως.
354 2029 396 2091 Ιιλ
420 2022 454 2090 δὲ
479 2028 564 2111 χείρω
589 2020 631 2088 τά
662 2018 779 2107 γνωοτά
806 2021 943 2109 τυγχάνει
973 2019 1066 2102 όντα,
1097 2020 1231 2108 μετάμλι

169 2127 359 2216 συμπαθείας
378 2135 432 2214 τῆς
451 2128 527 2216 πρός
546 2127 625 2197 αύτά
646 2135 703 2196 τοῦ
722 2116 953 2216 γιγνώσκοντος,
974 2128 994 2215 ἦ
1014 2129 1095 2215 πρός
1107 2129 1141 2198 τδ
1155 2141 1230 2218 χεῖρον

169 2239 352 2326 άφομοίωσις
371 2251 460 2306 κακοί
477 2234 515 2304 τό
536 2241 713 2325 γιγνώσκων·
736 2243 764 2304 εί
785 2238 817 2305 δὲ
838 2236 910 2306 άνευ
929 2237 1058 2315 πάθους
1074 2241 1103 2316 ⁵)
1124 2239 1144 2325 ἦ
1170 2240 1228 2323 γνύ

169 2376 218 2426 τις
236 2353 297 2415 τῶν
316 2349 477 2436 δευτέρων,
497 2345 520 2435 ἢ
540 2343 616 2425 όλως
635 2352 696 2414 τῶν
714 2346 871 2434 χειρόνων,
892 2345 986 2412 ἄλλον
1005 2344 1122 2432 τρόπον
1138 2341 1229 2415 ἑπανό·

168 2485 214 2546 γει
240 2455 316 2544 πρός
340 2448 380 2524 τά
405 2464 526 2542 κρείττω
558 2452 598 2521 τά
624 2462 710 2541 χείρω
737 2459 789 2521 καί
818 2459 960 2541 ἐντίθησι
987 2460 1086 2524 ταῦτα
1112 2460 1227 2528 ἐκείνοις·

168 2566 280 2651 μᾶλλον
305 2564 338 2632 δὲ
364 2568 462 2633 ἐκεῖνα
490 2560 617 2650 προάγει
641 2561 715 2648 πρός
741 2570 897 2631 κοινωνίαν
925 2568 985 2629 τοῖιν
1011 2563 1153 2649 χειρόνων
1174 2559 1229 2629 κατά

170 2671 226 2761 τὴν
246 2671 403 2761 προβολὴν
424 2678 477 2759 τῆς
497 2677 529 2738 έν
548 2678 585 2768 τῇ
605 2668 713 2751 γνώσει
734 2677 792 2737 τῶν
810 2669 951 2760 χειρόνων
970 2671 1149 2750 είδοποιίας.

89 2803 150 2862 μσς.
252 2787 294 2847 Εἰ
315 2779 420 2847 δὲκαὶ
441 2778 476 2846 τό
498 2777 647 2864 ὠφέλιμον
666 2775 742 2846 αύτδ
765 2784 817 2846 καὶ
838 2778 871 2847 τό
894 2777 1020 2859 ἀγαθόν
1041 2772 1174 2866 ἐπιζητεῖ
1189 2801 1227 2850 τις,

91 2866 147 2919 ¹4²¹
170 2891 370 2974 ἐνθυμείσθω
388 2884 445 2976 την
463 2885 584 2954 πάντονν
604 2884 678 2974 πρός
699 2883 815 2973 άλληλα
836 2882 887 2952 διά
905 2891 958 2970 της
981 2891 1114 2970 γνώσεως
1142 2880 1228 2953 οἰκειό

171 3023 246 3082 τητα
267 2999 440 3083 γιγνομένην
460 2992 538 3062 κατά
558 2991 609 3061 τόν
628 2992 795 3081 γνωρισμδν
815 2999 866 3080 τῆς
886 2999 987 3073 κοινῆς
1008 3001 1179 3080 συγγενείας,
1192 2989 1229 3055 καί

170 3106 217 3169 ἔτι
236 3100 296 3190 τόν
315 3106 439 3194 πάντων
454 3102 525 3170 ὀδόν
543 3100 619 3191 πρός
643 3103 697 3190 την
722 3111 794 3189 μίαν
818 3099 910 3190 ιῖρχην
939 3103 1158 3188 στελλομένων,
1183 3099 1231 3166 οἷον

170 3209 245 3299 πρός
274 3209 426 3298 τάγαθόν,
455 3216 489 3280 ἒν
508 3204 527 3309 ᾗ
548 3209 606 3299 τόν
635 3210 753 3297 πλάνην
782 3214 1031 3298 ἐπανορθοῦται,
1064 3215 1116 3278 καλ
1144 3202 1232 3296 ὃδηγύί

170 3324 358 3387 καθίσταται
377 3332 441 3398 τοῖς
459 3319 520 3388 άνω
549 3321 758 3406 παλλομένοις
784 3320 804 3404 ἡ
830 3323 945 3405 γνῶσις.
985 3317 1074 3385 ’Ἐστι
1103 3316 1158 3405 γάρ
1183 3317 1233 3383 τίον

171 3412 254 3512 ύμμα
280 3432 497 3513 προπομπεῠσν
522 3428 574 3495 καί
599 3427 762 3514 ἡγεμονοῦν
779 3426 832 3510 τῆς
854 3425 973 3510 ὀρέξεως
988 3430 1037 3492 ἐπ’
1050 3431 1145 3493 έκεῖνο
1159 3448 1235 3493 σπεν·

107 3591 117 3597 .
170 3533 297 3620 δούσης,
318 3525 576 3617 φῶςάνάπτουσα
605 3533 641 3601 τό
663 3541 781 3601 οἰκεῖον.
829 3531 888 3601 Διὸ
913 3530 1076 3622 τῶνπρός
1102 3520 1139 3599 τό
1164 3531 1237 3606 τελος

169 3638 300 3726 άχόντων
326 3644 389 3706 ἐστι
409 3639 444 3707 τό
466 3639 693 3727 ἀνυσιμώτατον
713 3641 733 3728 ἡ
752 3642 868 3727 γνῶσις.
913 3636 980 3706 Ἔτι
997 3639 1032 3706 δὲ
1057 3640 1238 3707 εἶδοποιυῦσα

170 3744 208 3814 τά
225 3755 314 3833 χείρω
335 3746 410 3814 κατά
424 3744 481 3834 τὴν
495 3745 671 3833 κρειττόνων
682 3744 844 3833 γνωστικὴν
858 3746 1029 3814 εὶδοποιίίιν
1042 3742 1240 3834 έπιστρεστική

170 3863 301 3944 γίγνεται
323 3860 381 3921 τῶν
394 3855 634 3950 καταδεεστέραν
653 3862 697 3934 εἰς
715 3853 752 3922 τά
767 3860 890 3942 κρείττω
912 3859 962 3920 καί
982 3861 1025 3933 εἰς
1045 3852 1085 3927 τό,
1094 3855 1240 3939 κράτιστον

136 4073 139 4077 ·
229 4053 271 4117 λι)
284 4048 380 4103 Hamh.
395 4051 447 4102 τῶν
461 4048 561 4114 νοητῶν
573 4051 616 4099 ταὶ
627 4049 755 4117 γιωσεῦκ.
764 4102 768 4109 ,
778 4045 896 4100 Infm'us
911 4043 984 4099 Mon.
996 4052 1091 4114 κοσμοῖ
1104 4027 1244 4116 τρόπον

171 4121 201 4188 5)
219 4121 295 4174 Mon.
312 4116 416 4188 πάγοιίς.
