2586 4672
119 239 185 317 ιηο
429 283 441 323 ,

115 422 161 494 έν,
189 418 462 499 οννεκφαινομένον
490 415 568 479 τνῖδε
589 418 647 479 τοῦ
668 412 734 491 ένδς
753 418 805 480 καὶ
826 417 880 478 τοῦ
908 413 1075 498 ἡνωμένον,
1115 401 1172 488 όπερ

114 527 243 606 ἔμφασις
262 512 303 607 ἡν
322 527 379 588 τοῦ
400 518 501 598 ὄντος·
531 522 601 587 ἀλλ’
628 519 698 586 οὔτε
719 518 755 586 τό
776 529 809 587 έν
830 522 980 606 ἐντούτῳ
1000 518 1077 587 κατά
1096 522 1174 600 μέδε-

112 633 174 708 ξιν,
202 627 274 694 οότε
296 626 332 693 τό
356 627 389 694 δν
412 631 487 694 καθ’
509 620 655 713 ὕπαρξιν·
676 615 767 695 οὔπω
788 627 843 716 γάρ
865 627 898 695 δν
920 629 991 696 οὐδὲ
1011 638 1061 696 έν·
1082 622 1115 693 τό
1133 623 1176 712 γάρ

111 739 170 823 πρό
197 744 251 803 τοῦ
272 739 438 822 ἡνωμένον,
465 738 623 823 οδδέτερον
643 728 699 822 ἡν,
719 737 798 804 αὐτὸ
818 739 851 805 δὲ
872 736 1096 823 συναμφότερόν
1115 731 1176 801 κατά

73 832 74 835 ἡ
112 854 183 932 μίαν
212 845 371 931 ἁπλότητα
395 847 509 930 άμφοῖν
536 848 685 929 οἰοτικὴν·
713 847 763 913 διό
788 853 853 933 μετ’
880 846 957 914 αὐτό
979 849 1118 936 προὴλδε
1136 849 1178 936 Ικαὶ

112 956 168 1022 ἀπ’
189 956 290 1022 αὐτοῦ
312 951 457 1044 ἑκάτερον
477 953 514 1022 τό
534 983 567 1022 τε
577 951 633 1023 Ἕν
655 955 717 1022 ἰδία
739 961 789 1022 καὶ
808 954 846 1022 τό
868 955 916 1033 όν,
936 955 971 1022 τό
993 959 1048 1039 μέν
1065 953 1178 1041 ἡμοέοε-

110 1091 178 1144 νον,
206 1061 240 1130 τό
263 1064 297 1130 δὲ
322 1063 481 1150 ἑπόμενον,
512 1064 553 1129 δι’
583 1065 757 1150 ἑτερότητος
784 1064 836 1132 ἀπ’
864 1065 1004 1150 ἆλλὴλων
1028 1064 1180 1132 διαστόνια

111 1199 171 1255 πη,
204 1165 278 1238 ὥστε
304 1168 364 1237 άπδ
393 1177 452 1238 τοῦ
477 1170 769 1258 δημιουργικοῦ
792 1176 862 1240 νοῦ
887 1171 986 1239 πάντα
1008 1171 1098 1248 όντος
1118 1173 1180 1254 ὁμοῦ

111 1277 228 1361 πρόεατι
255 1277 291 1343 τό
315 1303 348 1344 τε
369 1277 567 1362 σωματοειδὲς
588 1275 669 1344 άπαν
688 1281 739 1344 καὶ
759 1280 779 1364 ἡ
808 1277 891 1365 φνχὴ
914 1279 1011 1362 τούτῳ
1033 1281 1182 1363 ἐποχουμέ-

110 1414 162 1472 νη,
189 1388 240 1452 καὶ
261 1391 308 1452 έτι
327 1387 421 1482 ταάτη
444 1387 460 1450 ὃ
482 1387 552 1460 νοῦς
573 1390 743 1473 έπιβαένων.
809 1469 811 1472 y

194 1502 233 1561 Εἰ
253 1494 287 1561 δέ
307 1496 373 1559 κατ’
393 1498 495 1559 αἰτίαν
515 1497 547 1558 ἐν
568 1499 609 1577 τῷ
629 1493 804 1580 δημιουργῷ
824 1493 863 1560 τόν
889 1502 976 1579 τρία,
1006 1502 1037 1560 τέ
1058 1494 1122 1579 οὐχὶ
1142 1496 1183 1558 καὶ

110 1611 143 1670 ἐν
173 1609 216 1688 τῷ
241 1603 379 1687 ἡνωμένην
406 1598 442 1665 τό
469 1607 501 1665 έν
529 1605 580 1666 καὶ
606 1600 640 1666 τό
671 1599 723 1680 όν,
759 1603 796 1681 οὗ
828 1603 1037 1690 διωρισμέναις
1066 1609 1184 1682 αἰτίαις·

110 1711 194 1776 οὔπω
216 1709 273 1796 γάρ
295 1715 355 1775 ἐκεῖ
372 1704 542 1792 διορισμός,
571 1707 649 1774 ἄλλά
670 1713 747 1774 κατά
766 1718 837 1795 μίαν
857 1711 966 1796 ἀμφοῖν
987 1712 1115 1796 αἰτιιάδη
1137 1711 1184 1777 τοι]

108 1823 264 1906 ἡνωμένον
290 1817 330 1892 ὡς
350 1808 482 1901 άληθῶς
500 1811 647 1904 ὕπαρξιν,
675 1810 751 1884 όιότε
781 1817 913 1886 νννελάν
933 1822 1052 1898 ἀξιώσω
1079 1819 1114 1888 τό
1140 1822 1184 1906 μέν

109 1924 186 1993 κατά
207 1926 331 2005 ἔνδειξιν
352 1933 382 1991 έν
403 1929 574 2009 εἰρημένον,
607 1925 675 1991 οὐδὲ
696 1934 728 1992 έν
753 1929 830 1994 εἶναι
853 1933 894 2026 τῇ
916 1929 1068 2016 ἆληθείη·
1102 1929 1183 1997 τόδὲ

72 2052 73 2055 ’
108 2037 172 2122 μετ’
202 2041 296 2101 ε’κεῦνο
326 2033 426 2099 πολλὰ
451 2038 590 2119 ῥηθέντα
615 2032 692 2099 κατά
713 2035 855 2116 ἔνδειξιν,
887 2037 1091 2124 μεσότητα
1112 2039 1183 2105 εἶναι

108 2147 159 2209 καὶ
181 2143 244 2209 οἷον
264 2139 471 2227 προποδισμδν
492 2147 608 2209 ἐκείνου
629 2139 704 2228 πρὸς
724 2140 759 2208 τό
771 2147 922 2230 ἡνωμένον
933 2150 986 2213 καὶ
1007 2142 1118 2228 ὕφεσιν
1134 2152 1184 2232 τὴς

108 2249 231 2336 πρώτης
255 2251 349 2337 ἀρχῆς
377 2255 407 2326 ἒς
432 2249 486 2336 τὴν
504 2257 561 2335 τῆς.
577 2257 679 2335 τρίτης
697 2251 880 2319 ὑπόστασιν·
907 2253 943 2321 τό
964 2254 998 2321 δέ
1018 2254 1113 2342 όκρον
1132 2259 1183 2322 τοῦ

108 2362 262 2445 ἡνωμένον
276 2357 332 2444 τὴν
342 2368 444 2447 τρίτην
460 2360 536 2426 εἶναι
556 2356 670 2444 ταύτην
691 2359 799 2446 άρχὴν,
823 2359 858 2428 τό
875 2364 1028 2449 ἡνωμένον
1050 2357 1146 2432 οὖσαν
1158 2368 1183 2444 2)

106 2471 163 2533 τοῦ
182 2463 297 2543 παντός
309 2461 478 2551 ἡνωμένον.
517 2465 610 2534 Μετὰ
637 2463 693 2551 γάρ
720 2463 813 2552 αὗτὴν
833 2464 868 2534 ιδ
887 2468 1112 2554 διακρινόμενον
1132 2472 1184 2538 αό-

107 2582 162 2643 τοῦ
189 2579 241 2643 καὶ
270 2571 345 2642 ‘Aaou
378 2578 428 2640 καὶ
453 2577 550 2661 μερῶν
579 2573 618 2649 ὥς
643 2574 797 2659 ἡνωμένον
825 2577 1008 2661 ε’μφατικόν,
1035 2581 1076 2654 ὡς
1098 2585 1184 2657 εἴτις

106 2685 197 2750 ὠδῖνα
220 2690 294 2768 φαάη
316 2686 372 2765 τῆς
392 2685 448 2749 τοῦ
466 2682 618 2768 ἡνωμένον
640 2680 814 2766 διακρίσεως
834 2687 885 2749 καὶ
907 2686 972 2750 οἷον
992 2687 1184 2772 παρασκευὴν

106 2792 210 2878 αὐτῆς.

25 2921 87 2984 μορ.
185 2896 279 2964 Μετά
303 2897 337 2962 δὲ
356 2896 411 2980 τὴν
430 2899 581 2980 μεσότητα
603 2894 714 2982 ταύτην
734 2897 755 2985 ἡ
777 2901 866 2985 βάσις
885 2902 948 2966 ἐστὶ
969 2906 1027 2966 τοῦ
1047 2908 1181 2989 νοητοῦ

29 2997 84 3035 '¹⁰‘
104 3012 156 3074 καὶ
184 3005 219 3073 τό
239 3004 459 3089 διακεκριμένον
484 3008 539 3091 τὴς
558 3005 711 3091 ἡνωμένης
732 3008 863 3091 φύσεως·
885 3005 932 3075 διό
954 3012 1005 3075 καὶ
1027 3010 1065 3076 τά
1089 3013 1180 3087 ὁπως-

106 3121 163 3182 οῠν
184 3119 245 3182 ἐκεῖ
268 3113 432 3179 διαστάντα
453 3112 601 3197 ἡνωμένα,
623 3118 673 3179 καὶ
694 3119 790 3180 ἐκεῖνά
808 3124 887 3184 ἐστιν
908 3117 962 3185 οὐκ
984 3119 1180 3204 άπολειπνμέ·

105 3250 162 3292 νον
182 3227 248 3288 κατ’
271 3219 361 3287 οὐδὲν
387 3223 448 3285 τῶν
470 3218 643 3303 τμημάτων,
670 3220 739 3288 οὔτε
760 3228 814 3288 τοῦ
835 3221 901 3298 ἑνός
925 3222 996 3291 οότε
1014 3233 1070 3293 τοῦ
1093 3225 1180 3306 ὄντος,

104 3335 144 3410 ὥς
169 3332 261 3416 φησὶν
289 3329 305 3396 ὃ
328 3327 579 3406 Πλάτωνοςὸ)
600 3330 870 3416 Παρμενίδης,
900 3335 950 3398 καὶ
968 3331 1043 3400 οότε
1063 3340 1180 3426 θεωρη-

104 3446 171 3508 τέον
192 3439 244 3506 τόν
263 3435 373 3523 νοητόν
394 3439 480 3515 νοῦν,
507 3437 728 3524 διακεκριμένον
748 3441 862 3524 νοητῶς
884 3433 900 3504 ’ό
922 3445 1020 3521 ἐστιν,
1042 3449 1086 3520 εἷς
1106 3446 1174 3533 ἡιόι·

103 3553 179 3636 μένα
186 3578 199 3628 ,·
222 3545 258 3612 οὐ
281 3543 340 3631 μὴν
360 3549 404 3620 εἷς
426 3541 504 3636 εἴδη,
526 3542 612 3631 πλην·
627 3552 653 3610 εἰ
673 3546 714 3631 μὴ
737 3543 775 3612 τά
797 3546 933 3631 ένιόματιι
954 3551 1179 3638 παραδείγματα

45 3689 46 3692 “
102 3667 185 3722 ποιεῖ
205 3657 262 3719 τῶν
283 3651 442 3735 εἰδητικοῖν
462 3646 721 3737 παραδειγμάτων.
755 3655 857 3717 Τοῦτο
878 3654 932 3735 μὲν
954 3643 1011 3720 οὖν
1033 3648 1091 3723 ὧδε
1111 3661 1179 3743 έὴειν

59 3828 60 3832 ,
101 3767 296 3850 ὖπονοητέον.

176 3866 245 3940 ’Ότι
268 3871 299 3935 δὲ
322 3872 427 3951 σαφῶς
455 3870 505 3934 καὶ
528 3869 543 3932 ὃ
572 3864 738 3933 Πλάτων
765 3864 881 3951 ταότην
902 3869 1006 3957 ἀγαπᾷ
1028 3871 1082 3957 τὴν
1105 3871 1176 3938 ὑπό·

122 4080 129 4087 ,
169 4045 197 4108 ν)
217 4039 291 4091 Idem
308 4032 379 4087 οὖσιν.

170 4111 198 4176 ³)
219 4111 292 4161 Mon.
313 4105 327 4158 ὅ
345 4105 458 4157 Πλάτων
478 4104 492 4156 δ
511 4109 602 4174 Παρμ.
621 4107 663 4156 καὶ
682 4101 749 4155 οὕτω
768 4105 850 4170 θινιρ.
