<?xml version="1.0" encoding="UTF-8"?>
<!DOCTYPE html PUBLIC "-//W3C//DTD XHTML 1.0 Transitional//EN"
    "http://www.w3.org/TR/xhtml1/DTD/xhtml1-transitional.dtd">
<html xmlns="http://www.w3.org/1999/xhtml" xml:lang="en" lang="en">
 <head>
  <title>
</title>
<meta http-equiv="Content-Type" content="text/html;charset=utf-8" />
  <meta name='ocr-system' content='tesseract 3.04.00' />
  <meta name='ocr-capabilities' content='ocr_page ocr_carea ocr_par ocr_line ocrx_word'/>
</head>
<body>
  <div class='ocr_page' id='page_1' title='image "./qustionesdeprim00koppgoog_0175.png"; bbox 0 0 2586 4672; ppageno 0'>
   <div class='ocr_carea' id='block_1_1' title="bbox 55 208 196 345">
    <p class='ocr_par' dir='ltr' id='par_1_1' title="bbox 55 208 196 345">
     <span class='ocr_line' id='line_1_1' title="bbox 55 208 196 345; baseline -0.021 -33"><span class='ocrx_word' id='word_1_1' title='bbox 55 336 64 345; x_wconf 77' lang='lat'>,</span> <span class='ocrx_word' id='word_1_2' title='bbox 128 208 196 312; x_wconf 73' lang='lat' dir='ltr'>tub</span> 
     </span>
    </p>
   </div>
   <div class='ocr_carea' id='block_1_2' title="bbox 15 426 1220 2234">
    <p class='ocr_par' dir='ltr' id='par_1_2' title="bbox 15 426 1220 2234">
     <span class='ocr_line' id='line_1_2' title="bbox 124 426 1218 516; baseline 0.001 -21"><span class='ocrx_word' id='word_1_3' title='bbox 124 429 199 513; x_wconf 76' lang='grc' dir='ltr'><strong><em>μετὰ</em></strong></span> <span class='ocrx_word' id='word_1_4' title='bbox 221 427 278 512; x_wconf 74' lang='grc' dir='ltr'>τὴν</span> <span class='ocrx_word' id='word_1_5' title='bbox 306 435 382 511; x_wconf 84' lang='grc' dir='ltr'><strong><em>μίαν</em></strong></span> <span class='ocrx_word' id='word_1_6' title='bbox 412 426 463 504; x_wconf 78' lang='grc' dir='ltr'><strong><em>τὰς</em></strong></span> <span class='ocrx_word' id='word_1_7' title='bbox 490 430 547 494; x_wconf 75' lang='grc' dir='ltr'>δύο</span> <span class='ocrx_word' id='word_1_8' title='bbox 575 433 720 516; x_wconf 77' lang='grc' dir='ltr'><strong><em>τάττομεν</em></strong></span> <span class='ocrx_word' id='word_1_9' title='bbox 745 430 822 494; x_wconf 76' lang='grc' dir='ltr'><strong><em>κατὰ</em></strong></span> <span class='ocrx_word' id='word_1_10' title='bbox 843 429 1009 512; x_wconf 73' lang='grc' dir='ltr'><strong><em>ἀναλογίαν</em></strong></span> <span class='ocrx_word' id='word_1_11' title='bbox 1035 433 1092 514; x_wconf 73' lang='grc' dir='ltr'><strong><em>τῆς</em></strong></span> <span class='ocrx_word' id='word_1_12' title='bbox 1119 429 1218 516; x_wconf 63' lang='lat' dir='ltr'>detritu</span> 
     </span>
     <span class='ocr_line' id='line_1_3' title="bbox 28 535 1217 628; baseline -0.003 -21"><span class='ocrx_word' id='word_1_13' title='bbox 28 576 53 628; x_wconf 84' lang='grc' dir='ltr'>μ.</span> <span class='ocrx_word' id='word_1_14' title='bbox 68 571 110 626; x_wconf 81' lang='lat'>7⁰·</span> <span class='ocrx_word' id='word_1_15' title='bbox 126 542 302 620; x_wconf 81' lang='grc' dir='ltr'><strong><em>συστοιχίας</em></strong></span> <span class='ocrx_word' id='word_1_16' title='bbox 324 535 391 600; x_wconf 84' lang='grc' dir='ltr'>οἶπὸ</span> <span class='ocrx_word' id='word_1_17' title='bbox 410 541 481 619; x_wconf 84' lang='grc' dir='ltr'><strong><em>μιᾶς</em></strong></span> <span class='ocrx_word' id='word_1_18' title='bbox 504 536 685 621; x_wconf 76' lang='grc' dir='ltr'><strong><em>συμφέσεως</em></strong></span> <span class='ocrx_word' id='word_1_19' title='bbox 706 541 889 623; x_wconf 75' lang='grc' dir='ltr'><em>σχιζομένης,</em></span> <span class='ocrx_word' id='word_1_20' title='bbox 910 536 974 602; x_wconf 66' lang='grc' dir='ltr'>ἀλλ’</span> <span class='ocrx_word' id='word_1_21' title='bbox 996 537 1051 603; x_wconf 73' lang='grc' dir='ltr'>οὐκ</span> <span class='ocrx_word' id='word_1_22' title='bbox 1075 537 1217 604; x_wconf 70' lang='lat' dir='ltr'>‹intitut-</span> 
     </span>
     <span class='ocr_line' id='line_1_4' title="bbox 126 640 1216 732; baseline 0.001 -21"><span class='ocrx_word' id='word_1_23' title='bbox 126 648 293 728; x_wconf 81' lang='grc' dir='ltr'><strong><em>ρουμένιγς,</em></strong></span> <span class='ocrx_word' id='word_1_24' title='bbox 330 640 410 707; x_wconf 69' lang='grc' dir='ltr'><strong><em>αλλὰ</em></strong></span> <span class='ocrx_word' id='word_1_25' title='bbox 437 642 493 729; x_wconf 74' lang='grc' dir='ltr'>τὴν</span> <span class='ocrx_word' id='word_1_26' title='bbox 520 646 574 728; x_wconf 86' lang='grc' dir='ltr'><strong><em>μὲν</em></strong></span> <span class='ocrx_word' id='word_1_27' title='bbox 605 645 688 710; x_wconf 76' lang='grc' dir='ltr'><strong><em>οὕτω</em></strong></span> <span class='ocrx_word' id='word_1_28' title='bbox 715 645 876 711; x_wconf 72' lang='grc' dir='ltr'><strong><em>θέλουσαν</em></strong></span> <span class='ocrx_word' id='word_1_29' title='bbox 905 650 938 708; x_wconf 81' lang='grc' dir='ltr'>ἐκ</span> <span class='ocrx_word' id='word_1_30' title='bbox 963 650 1017 711; x_wconf 85' lang='grc' dir='ltr'><strong><em>τοῦ</em></strong></span> <span class='ocrx_word' id='word_1_31' title='bbox 1043 645 1216 732; x_wconf 69' lang='grc' dir='ltr'><strong><em>ἀπορρήτου</em></strong></span> 
     </span>
     <span class='ocr_line' id='line_1_5' title="bbox 124 746 1219 839; baseline 0.004 -24"><span class='ocrx_word' id='word_1_32' title='bbox 124 753 309 834; x_wconf 78' lang='grc' dir='ltr'><strong><em>προελθεῖν.</em></strong></span> <span class='ocrx_word' id='word_1_33' title='bbox 338 746 417 816; x_wconf 71' lang='grc' dir='ltr'>ἀλλὰ</span> <span class='ocrx_word' id='word_1_34' title='bbox 444 755 684 836; x_wconf 82' lang='grc' dir='ltr'><strong><em>καταπινομένιγν</em></strong></span> <span class='ocrx_word' id='word_1_35' title='bbox 713 752 764 816; x_wconf 74' lang='grc' dir='ltr'>ὕπ’</span> <span class='ocrx_word' id='word_1_36' title='bbox 792 751 893 816; x_wconf 76' lang='grc' dir='ltr'><strong><em>αὐτοῦ</em></strong></span> <span class='ocrx_word' id='word_1_37' title='bbox 908 757 935 831; x_wconf 82' lang='grc'>9)</span> <span class='ocrx_word' id='word_1_38' title='bbox 958 752 1091 834; x_wconf 77' lang='grc' dir='ltr'><strong><em>μᾶλλον·</em></strong></span> <span class='ocrx_word' id='word_1_39' title='bbox 1114 753 1171 839; x_wconf 72' lang='grc' dir='ltr'>τὴν</span> <span class='ocrx_word' id='word_1_40' title='bbox 1188 754 1219 820; x_wconf 77' lang='grc' dir='ltr'>δὲ</span> 
     </span>
     <span class='ocr_line' id='line_1_6' title="bbox 123 854 1217 951; baseline 0.002 -28"><span class='ocrx_word' id='word_1_41' title='bbox 123 857 185 943; x_wconf 73' lang='grc' dir='ltr'>ἤδη</span> <span class='ocrx_word' id='word_1_42' title='bbox 209 862 395 943; x_wconf 80' lang='grc' dir='ltr'><strong><em>προϊοῦσαν,</em></strong></span> <span class='ocrx_word' id='word_1_43' title='bbox 416 859 466 921; x_wconf 83' lang='grc' dir='ltr'><strong><em>καί</em></strong></span> <span class='ocrx_word' id='word_1_44' title='bbox 488 857 566 951; x_wconf 76' lang='grc' dir='ltr'><strong><em>αὐτῇ</em></strong></span> <span class='ocrx_word' id='word_1_45' title='bbox 588 859 664 950; x_wconf 81' lang='grc' dir='ltr'><strong><em>μόνιγ</em></strong></span> <span class='ocrx_word' id='word_1_46' title='bbox 687 863 721 950; x_wconf 67' lang='grc' dir='ltr'><strong><em>τῇ</em></strong></span> <span class='ocrx_word' id='word_1_47' title='bbox 743 854 868 941; x_wconf 77' lang='grc' dir='ltr'><strong><em>χαλάσει</em></strong></span> <span class='ocrx_word' id='word_1_48' title='bbox 889 859 1155 944; x_wconf 77' lang='grc' dir='ltr'><strong><em>εἷδοποιηθεῖσαν,</em></strong></span> <span class='ocrx_word' id='word_1_49' title='bbox 1175 856 1217 926; x_wconf 74' lang='grc' dir='ltr'><strong><em>’ότι</em></strong></span> 
     </span>
     <span class='ocr_line' id='line_1_7' title="bbox 124 962 1213 1059; baseline 0.001 -26"><span class='ocrx_word' id='word_1_50' title='bbox 124 973 332 1033; x_wconf 91' lang='grc' dir='ltr'><strong><em>συνουσίωται</em></strong></span> <span class='ocrx_word' id='word_1_51' title='bbox 358 964 442 1059; x_wconf 69' lang='grc' dir='ltr'><strong><em>αὐτῇ</em></strong></span> <span class='ocrx_word' id='word_1_52' title='bbox 462 963 498 1030; x_wconf 87' lang='grc' dir='ltr'><strong><em>τὸ</em></strong></span> <span class='ocrx_word' id='word_1_53' title='bbox 518 969 665 1049; x_wconf 81' lang='grc' dir='ltr'><strong><em>προϊέναι.</em></strong></span> <span class='ocrx_word' id='word_1_54' title='bbox 693 962 813 1032; x_wconf 76' lang='grc' dir='ltr'><strong><em>διὸκαὶ</em></strong></span> <span class='ocrx_word' id='word_1_55' title='bbox 838 972 919 1030; x_wconf 83' lang='grc' dir='ltr'><strong><em>αἰτία</em></strong></span> <span class='ocrx_word' id='word_1_56' title='bbox 940 972 1017 1032; x_wconf 79' lang='grc' dir='ltr'><strong><em>πᾶσι</em></strong></span> <span class='ocrx_word' id='word_1_57' title='bbox 1039 975 1142 1054; x_wconf 89' lang='grc' dir='ltr'><strong><em>γέγονε</em></strong></span> <span class='ocrx_word' id='word_1_58' title='bbox 1162 975 1213 1035; x_wconf 81' lang='grc' dir='ltr'><strong><em>τοῦ</em></strong></span> 
     </span>
     <span class='ocr_line' id='line_1_8' title="bbox 121 1059 1215 1158; baseline 0.003 -20"><span class='ocrx_word' id='word_1_59' title='bbox 121 1062 261 1149; x_wconf 81' lang='grc' dir='ltr'><strong><em>οπωςοῦν</em></strong></span> <span class='ocrx_word' id='word_1_60' title='bbox 288 1069 520 1153; x_wconf 72' lang='grc' dir='ltr'><strong><em>διακρίνεσθαι,</em></strong></span> <span class='ocrx_word' id='word_1_61' title='bbox 552 1059 648 1154; x_wconf 77' lang='grc' dir='ltr'><strong><em>ω’ςπερ</em></strong></span> <span class='ocrx_word' id='word_1_62' title='bbox 673 1069 693 1155; x_wconf 75' lang='grc' dir='ltr'><em>ἡ</em></span> <span class='ocrx_word' id='word_1_63' title='bbox 717 1073 802 1152; x_wconf 81' lang='grc' dir='ltr'><strong><em>ἑτέρα</em></strong></span> <span class='ocrx_word' id='word_1_64' title='bbox 823 1070 896 1156; x_wconf 71' lang='grc' dir='ltr'>ἀρχή</span> <span class='ocrx_word' id='word_1_65' title='bbox 917 1077 972 1136; x_wconf 83' lang='grc' dir='ltr'><strong><em>τοῦ</em></strong></span> <span class='ocrx_word' id='word_1_66' title='bbox 992 1080 1215 1158; x_wconf 82' lang='grc' dir='ltr'><strong><em>συμπεφυκέναι</em></strong></span> 
     </span>
     <span class='ocr_line' id='line_1_9' title="bbox 122 1164 1214 1266; baseline 0.005 -22"><span class='ocrx_word' id='word_1_67' title='bbox 122 1191 186 1255; x_wconf 78' lang='grc' dir='ltr'><strong><em>τοῖς</em></strong></span> <span class='ocrx_word' id='word_1_68' title='bbox 215 1183 340 1252; x_wconf 74' lang='grc' dir='ltr'><strong><em>οἰκείοις</em></strong></span> <span class='ocrx_word' id='word_1_69' title='bbox 371 1183 494 1248; x_wconf 77' lang='grc' dir='ltr'><strong><em>αἰτίοις·</em></strong></span> <span class='ocrx_word' id='word_1_70' title='bbox 525 1164 598 1248; x_wconf 73' lang='lat' dir='ltr'>diets</span> <span class='ocrx_word' id='word_1_71' title='bbox 625 1167 750 1242; x_wconf 73' lang='lat' dir='ltr'>urimur</span> <span class='ocrx_word' id='word_1_72' title='bbox 776 1181 921 1263; x_wconf 77' lang='grc' dir='ltr'><strong><em>ἑκατέρα,</em></strong></span> <span class='ocrx_word' id='word_1_73' title='bbox 947 1180 1022 1245; x_wconf 72' lang='grc' dir='ltr'><em>ἀλλ’·</em></span> <span class='ocrx_word' id='word_1_74' title='bbox 1050 1183 1068 1262; x_wconf 72' lang='grc' dir='ltr'><em>ἢ</em></span> <span class='ocrx_word' id='word_1_75' title='bbox 1088 1186 1142 1266; x_wconf 85' lang='grc' dir='ltr'><strong><em>μὲν</em></strong></span> <span class='ocrx_word' id='word_1_76' title='bbox 1163 1187 1214 1249; x_wconf 73' lang='grc' dir='ltr'><strong><em>τοῦ</em></strong></span> 
     </span>
     <span class='ocr_line' id='line_1_10' title="bbox 15 1279 1213 1379; baseline 0.004 -27"><span class='ocrx_word' id='word_1_77' title='bbox 15 1320 20 1337; x_wconf 84' lang='grc'><em>·</em></span> <span class='ocrx_word' id='word_1_78' title='bbox 59 1367 62 1379; x_wconf 30' lang='lat'><strong>⁴</strong></span> <span class='ocrx_word' id='word_1_79' title='bbox 122 1279 450 1367; x_wconf 73' lang='grc' dir='ltr'><strong><em>ταίντασυμφιίεσθαι</em></strong></span> <span class='ocrx_word' id='word_1_80' title='bbox 472 1279 550 1366; x_wconf 83' lang='grc' dir='ltr'><strong><em>πρὸς</em></strong></span> <span class='ocrx_word' id='word_1_81' title='bbox 571 1279 712 1366; x_wconf 71' lang='grc' dir='ltr'><strong><em>ἄλληλα,</em></strong></span> <span class='ocrx_word' id='word_1_82' title='bbox 734 1282 811 1349; x_wconf 81' lang='grc' dir='ltr'><strong><em>κατά</em></strong></span> <span class='ocrx_word' id='word_1_83' title='bbox 830 1313 863 1350; x_wconf 87' lang='grc' dir='ltr'><strong><em>τε</em></strong></span> <span class='ocrx_word' id='word_1_84' title='bbox 884 1286 1002 1364; x_wconf 81' lang='grc' dir='ltr'><strong><em>πλοίτος</em></strong></span> <span class='ocrx_word' id='word_1_85' title='bbox 1023 1294 1076 1356; x_wconf 83' lang='grc' dir='ltr'><strong><em>καί</em></strong></span> <span class='ocrx_word' id='word_1_86' title='bbox 1095 1290 1213 1375; x_wconf 60' lang='lat' dir='ltr'>fidelos·</span> 
     </span>
     <span class='ocr_line' id='line_1_11' title="bbox 124 1387 1212 1483; baseline 0.003 -25"><span class='ocrx_word' id='word_1_87' title='bbox 124 1393 173 1460; x_wconf 72' lang='lat' dir='ltr'>duri</span> <span class='ocrx_word' id='word_1_88' title='bbox 200 1393 342 1463; x_wconf 69' lang='lat' dir='ltr'>culcitas</span> <span class='ocrx_word' id='word_1_89' title='bbox 366 1399 399 1456; x_wconf 85' lang='grc' dir='ltr'><strong><em>ἓν</em></strong></span> <span class='ocrx_word' id='word_1_90' title='bbox 427 1388 504 1456; x_wconf 82' lang='grc' dir='ltr'><strong><em>κατὰ</em></strong></span> <span class='ocrx_word' id='word_1_91' title='bbox 533 1387 677 1467; x_wconf 79' lang='grc' dir='ltr'><strong><em>ἔνδειξιν·</em></strong></span> <span class='ocrx_word' id='word_1_92' title='bbox 707 1418 726 1476; x_wconf 80' lang='grc' dir='ltr'><em>η</em></span> <span class='ocrx_word' id='word_1_93' title='bbox 757 1391 790 1477; x_wconf 69' lang='lat' dir='ltr'>di</span> <span class='ocrx_word' id='word_1_94' title='bbox 812 1398 871 1458; x_wconf 78' lang='lat' dir='ltr'>toti</span> <span class='ocrx_word' id='word_1_95' title='bbox 892 1403 1050 1483; x_wconf 78' lang='grc' dir='ltr'><strong><em>πανταχῶς</em></strong></span> <span class='ocrx_word' id='word_1_96' title='bbox 1070 1398 1212 1483; x_wconf 78' lang='grc' dir='ltr'><strong><em>διακρίνε-</em></strong></span> 
     </span>
     <span class='ocr_line' id='line_1_12' title="bbox 126 1488 1220 1591; baseline 0.002 -23"><span class='ocrx_word' id='word_1_97' title='bbox 126 1507 206 1568; x_wconf 73' lang='grc' dir='ltr'><strong><em>σθαι</em></strong></span> <span class='ocrx_word' id='word_1_98' title='bbox 227 1503 281 1566; x_wconf 85' lang='grc' dir='ltr'><strong><em>καί</em></strong></span> <span class='ocrx_word' id='word_1_99' title='bbox 303 1500 449 1573; x_wconf 81' lang='grc' dir='ltr'><strong><em>ὃπωςοῦν.</em></strong></span> <span class='ocrx_word' id='word_1_100' title='bbox 469 1497 577 1581; x_wconf 79' lang='grc' dir='ltr'><strong><em>μηδεὶς</em></strong></span> <span class='ocrx_word' id='word_1_101' title='bbox 598 1488 655 1564; x_wconf 74' lang='grc' dir='ltr'><strong><em>οὖν</em></strong></span> <span class='ocrx_word' id='word_1_102' title='bbox 677 1499 788 1584; x_wconf 80' lang='grc' dir='ltr'><strong><em>λεγέτω</em></strong></span> <span class='ocrx_word' id='word_1_103' title='bbox 809 1499 863 1583; x_wconf 75' lang='grc' dir='ltr'>τὴν</span> <span class='ocrx_word' id='word_1_104' title='bbox 883 1504 937 1586; x_wconf 75' lang='grc' dir='ltr'><strong><em>μὲν</em></strong></span> <span class='ocrx_word' id='word_1_105' title='bbox 958 1504 1054 1591; x_wconf 74' lang='grc' dir='ltr'><strong><em>ἄρχειν</em></strong></span> <span class='ocrx_word' id='word_1_106' title='bbox 1077 1511 1134 1573; x_wconf 83' lang='grc' dir='ltr'><strong><em>τοῦ</em></strong></span> <span class='ocrx_word' id='word_1_107' title='bbox 1155 1509 1220 1572; x_wconf 79' lang='grc' dir='ltr'><strong><em>ἑτέ--</em></strong></span> 
     </span>
     <span class='ocr_line' id='line_1_13' title="bbox 127 1603 1213 1696; baseline 0 -20"><span class='ocrx_word' id='word_1_108' title='bbox 127 1637 181 1694; x_wconf 92' lang='grc' dir='ltr'>ρου</span> <span class='ocrx_word' id='word_1_109' title='bbox 203 1617 325 1695; x_wconf 80' lang='grc' dir='ltr'><strong><em>στίχου,</em></strong></span> <span class='ocrx_word' id='word_1_110' title='bbox 347 1603 405 1692; x_wconf 70' lang='grc' dir='ltr'><strong><em>τήν</em></strong></span> <span class='ocrx_word' id='word_1_111' title='bbox 425 1607 458 1672; x_wconf 81' lang='grc' dir='ltr'>δὲ</span> <span class='ocrx_word' id='word_1_112' title='bbox 479 1607 536 1671; x_wconf 79' lang='grc' dir='ltr'><strong><em>τοῦ</em></strong></span> <span class='ocrx_word' id='word_1_113' title='bbox 558 1611 671 1694; x_wconf 81' lang='grc' dir='ltr'><strong><em>ἑτέρου,</em></strong></span> <span class='ocrx_word' id='word_1_114' title='bbox 693 1608 761 1674; x_wconf 75' lang='grc' dir='ltr'>ἀλλ’</span> <span class='ocrx_word' id='word_1_115' title='bbox 783 1614 926 1696; x_wconf 79' lang='grc' dir='ltr'><strong><em>ἑκατέραν</em></strong></span> <span class='ocrx_word' id='word_1_116' title='bbox 947 1613 1067 1696; x_wconf 71' lang='grc' dir='ltr'><strong><em>ι’νμφοῖν,</em></strong></span> <span class='ocrx_word' id='word_1_117' title='bbox 1093 1616 1213 1680; x_wconf 77' lang='grc' dir='ltr'><strong><em>καὶτοῦ</em></strong></span> 
     </span>
     <span class='ocr_line' id='line_1_14' title="bbox 125 1714 1213 1808; baseline 0.003 -26"><span class='ocrx_word' id='word_1_118' title='bbox 125 1714 184 1799; x_wconf 77' lang='grc' dir='ltr'>πρὸ</span> <span class='ocrx_word' id='word_1_119' title='bbox 214 1717 330 1800; x_wconf 73' lang='grc' dir='ltr'><strong><em>ἀμφοῖν</em></strong></span> <span class='ocrx_word' id='word_1_120' title='bbox 351 1715 505 1800; x_wconf 74' lang='grc' dir='ltr'><strong><em>ἡνωμένον</em></strong></span> <span class='ocrx_word' id='word_1_121' title='bbox 534 1715 600 1789; x_wconf 77' lang='grc' dir='ltr'>πῶς</span> <span class='ocrx_word' id='word_1_122' title='bbox 624 1718 655 1792; x_wconf 75' lang='grc' dir='ltr'>ἐξ</span> <span class='ocrx_word' id='word_1_123' title='bbox 684 1715 810 1798; x_wconf 77' lang='grc' dir='ltr'><strong><em>ἀμφοῖν,</em></strong></span> <span class='ocrx_word' id='word_1_124' title='bbox 841 1716 894 1798; x_wconf 66' lang='grc' dir='ltr'>τὴν</span> <span class='ocrx_word' id='word_1_125' title='bbox 922 1721 975 1803; x_wconf 76' lang='grc' dir='ltr'><strong><em>μὲν</em></strong></span> <span class='ocrx_word' id='word_1_126' title='bbox 1000 1722 1040 1794; x_wconf 82' lang='grc' dir='ltr'>ὡς</span> <span class='ocrx_word' id='word_1_127' title='bbox 1060 1718 1213 1808; x_wconf 70' lang='grc' dir='ltr'><strong><em>πατρικήν,</em></strong></span> 
     </span>
     <span class='ocr_line' id='line_1_15' title="bbox 125 1823 1209 1912; baseline 0.006 -25"><span class='ocrx_word' id='word_1_128' title='bbox 125 1825 179 1912; x_wconf 72' lang='grc' dir='ltr'><strong><em>τήν</em></strong></span> <span class='ocrx_word' id='word_1_129' title='bbox 200 1828 232 1892; x_wconf 74' lang='grc' dir='ltr'>δὲ</span> <span class='ocrx_word' id='word_1_130' title='bbox 256 1823 297 1900; x_wconf 81' lang='grc' dir='ltr'>ὡς</span> <span class='ocrx_word' id='word_1_131' title='bbox 317 1823 445 1908; x_wconf 75' lang='grc' dir='ltr'><strong><em>ἀτεχνῶς</em></strong></span> <span class='ocrx_word' id='word_1_132' title='bbox 465 1825 618 1908; x_wconf 81' lang='grc' dir='ltr'><strong><em>μητρικήν.</em></strong></span> <span class='ocrx_word' id='word_1_133' title='bbox 640 1829 668 1888; x_wconf 78' lang='grc' dir='ltr'>εἰ</span> <span class='ocrx_word' id='word_1_134' title='bbox 690 1823 722 1889; x_wconf 79' lang='grc' dir='ltr'>δέ</span> <span class='ocrx_word' id='word_1_135' title='bbox 743 1824 791 1889; x_wconf 77' lang='grc' dir='ltr'>δεῖ</span> <span class='ocrx_word' id='word_1_136' title='bbox 810 1832 870 1890; x_wconf 80' lang='grc' dir='ltr'>τῶν</span> <span class='ocrx_word' id='word_1_137' title='bbox 890 1827 1136 1912; x_wconf 73' lang='grc' dir='ltr'><strong><em>συνηγορούντων</em></strong></span> <span class='ocrx_word' id='word_1_138' title='bbox 1163 1828 1209 1894; x_wconf 76' lang='grc' dir='ltr'>λό-</span> 
     </span>
     <span class='ocr_line' id='line_1_16' title="bbox 125 1924 1210 2020; baseline 0 -21"><span class='ocrx_word' id='word_1_139' title='bbox 125 1961 185 2020; x_wconf 87' lang='grc' dir='ltr'><strong><em>γων</em></strong></span> <span class='ocrx_word' id='word_1_140' title='bbox 206 1935 373 2016; x_wconf 81' lang='grc' dir='ltr'><strong><em>ἀφέμενον,</em></strong></span> <span class='ocrx_word' id='word_1_141' title='bbox 401 1925 477 1996; x_wconf 80' lang='grc' dir='ltr'><strong><em>αὐτὸ</em></strong></span> <span class='ocrx_word' id='word_1_142' title='bbox 505 1924 582 1994; x_wconf 75' lang='grc' dir='ltr'><strong><em>καθ’</em></strong></span> <span class='ocrx_word' id='word_1_143' title='bbox 610 1928 685 1996; x_wconf 71' lang='grc' dir='ltr'><strong><em>αὑτὸ</em></strong></span> <span class='ocrx_word' id='word_1_144' title='bbox 707 1929 741 1997; x_wconf 79' lang='grc' dir='ltr'><strong><em>τὸ</em></strong></span> <span class='ocrx_word' id='word_1_145' title='bbox 762 1931 905 2017; x_wconf 77' lang='grc' dir='ltr'><strong><em>ἡμέτερον</em></strong></span> <span class='ocrx_word' id='word_1_146' title='bbox 929 1936 1102 2014; x_wconf 67' lang='grc' dir='ltr'><strong><em>ἀποδεῖξαι,</em></strong></span> <span class='ocrx_word' id='word_1_147' title='bbox 1134 1937 1210 2013; x_wconf 70' lang='lat' dir='ltr'>scelti</span> 
     </span>
     <span class='ocr_line' id='line_1_17' title="bbox 125 2033 1209 2129; baseline 0.002 -24"><span class='ocrx_word' id='word_1_148' title='bbox 125 2044 176 2107; x_wconf 83' lang='grc' dir='ltr'><strong><em>καὶ</em></strong></span> <span class='ocrx_word' id='word_1_149' title='bbox 202 2037 276 2115; x_wconf 80' lang='grc' dir='ltr'>τούς</span> <span class='ocrx_word' id='word_1_150' title='bbox 304 2037 416 2116; x_wconf 74' lang='grc' dir='ltr'><strong><em>ἄλλους</em></strong></span> <span class='ocrx_word' id='word_1_151' title='bbox 445 2037 637 2123; x_wconf 79' lang='grc' dir='ltr'><strong><em>φιλοσόφους</em></strong></span> <span class='ocrx_word' id='word_1_152' title='bbox 663 2037 802 2120; x_wconf 74' lang='grc' dir='ltr'><strong><em>ἑστάναι,</em></strong></span> <span class='ocrx_word' id='word_1_153' title='bbox 832 2033 959 2125; x_wconf 62' lang='lat' dir='ltr'>breuia</span> <span class='ocrx_word' id='word_1_154' title='bbox 989 2044 1066 2129; x_wconf 81' lang='grc' dir='ltr'><strong><em>μόνη</em></strong></span> <span class='ocrx_word' id='word_1_155' title='bbox 1089 2049 1139 2110; x_wconf 77' lang='grc' dir='ltr'><strong><em>καί</em></strong></span> <span class='ocrx_word' id='word_1_156' title='bbox 1158 2039 1209 2126; x_wconf 87' lang='grc' dir='ltr'>πρί</span> 
     </span>
     <span class='ocr_line' id='line_1_18' title="bbox 127 2141 1206 2234; baseline -0.002 -18"><span class='ocrx_word' id='word_1_157' title='bbox 127 2154 250 2217; x_wconf 79' lang='grc' dir='ltr'><strong><em>πάντων</em></strong></span> <span class='ocrx_word' id='word_1_158' title='bbox 273 2141 349 2233; x_wconf 70' lang='grc' dir='ltr'><strong><em>ίιρχή</em></strong></span> <span class='ocrx_word' id='word_1_159' title='bbox 370 2151 423 2213; x_wconf 81' lang='grc' dir='ltr'><strong><em>καί</em></strong></span> <span class='ocrx_word' id='word_1_160' title='bbox 448 2147 522 2232; x_wconf 79' lang='grc' dir='ltr'><strong><em>μετοί</em></strong></span> <span class='ocrx_word' id='word_1_161' title='bbox 535 2151 574 2232; x_wconf 77' lang='lat'>¹⁰)</span> <span class='ocrx_word' id='word_1_162' title='bbox 597 2146 651 2228; x_wconf 75' lang='grc' dir='ltr'><strong><em>τήν</em></strong></span> <span class='ocrx_word' id='word_1_163' title='bbox 671 2156 743 2231; x_wconf 91' lang='grc' dir='ltr'><strong><em>μίαν</em></strong></span> <span class='ocrx_word' id='word_1_164' title='bbox 765 2151 873 2217; x_wconf 72' lang='lat' dir='ltr'>ciritio</span> <span class='ocrx_word' id='word_1_165' title='bbox 895 2157 1013 2234; x_wconf 84' lang='grc' dir='ltr'><strong><em>πέρας</em></strong></span> <span class='ocrx_word' id='word_1_166' title='bbox 1035 2156 1086 2218; x_wconf 83' lang='grc' dir='ltr'><strong><em>καὶ</em></strong></span> <span class='ocrx_word' id='word_1_167' title='bbox 1107 2151 1206 2217; x_wconf 74' lang='lat' dir='ltr'>ciust·-</span> 
     </span>
    </p>
   </div>
   <div class='ocr_carea' id='block_1_3' title="bbox 247 2251 300 2280">
    <p class='ocr_par' dir='ltr' id='par_1_3' title="bbox 247 2251 300 2280">
     <span class='ocr_line' id='line_1_19' title="bbox 247 2251 300 2280; baseline -0.057 -2"><span class='ocrx_word' id='word_1_168' title='bbox 247 2255 263 2280; x_wconf 75' lang='lat' dir='ltr'>2l</span> <span class='ocrx_word' id='word_1_169' title='bbox 284 2251 300 2276; x_wconf 78' lang='lat' dir='ltr'>tt</span> 
     </span>
    </p>
   </div>
   <div class='ocr_carea' id='block_1_4' title="bbox 127 2243 1206 2452">
    <p class='ocr_par' dir='ltr' id='par_1_4' title="bbox 127 2243 1206 2452">
     <span class='ocr_line' id='line_1_20' title="bbox 127 2243 1206 2345; baseline 0.001 -21"><span class='ocrx_word' id='word_1_170' title='bbox 127 2285 213 2342; x_wconf 86' lang='grc' dir='ltr'><strong><em>ρον,</em></strong></span> <span class='ocrx_word' id='word_1_171' title='bbox 242 2289 262 2339; x_wconf 84' lang='grc' dir='ltr'><em>η</em></span> <span class='ocrx_word' id='word_1_172' title='bbox 285 2283 364 2332; x_wconf 86' lang='grc' dir='ltr'><strong><em>οπως</em></strong></span> <span class='ocrx_word' id='word_1_173' title='bbox 392 2255 430 2322; x_wconf 78' lang='grc' dir='ltr'><strong><em>ι’ίν</em></strong></span> <span class='ocrx_word' id='word_1_174' title='bbox 455 2283 502 2332; x_wconf 86' lang='grc' dir='ltr'><strong><em>τις</em></strong></span> <span class='ocrx_word' id='word_1_175' title='bbox 522 2256 617 2333; x_wconf 74' lang='grc' dir='ltr'><strong><em>αὐτὰς</em></strong></span> <span class='ocrx_word' id='word_1_176' title='bbox 637 2257 850 2324; x_wconf 76' lang='grc' dir='ltr'><strong><em>ἐνδείκνυσθαι</em></strong></span> <span class='ocrx_word' id='word_1_177' title='bbox 870 2255 1012 2345; x_wconf 77' lang='grc' dir='ltr'><strong><em>βούλοιτο</em></strong></span> <span class='ocrx_word' id='word_1_178' title='bbox 1035 2243 1087 2326; x_wconf 72' lang='grc' dir='ltr'><strong><em>καί</em></strong></span> <span class='ocrx_word' id='word_1_179' title='bbox 1108 2261 1206 2344; x_wconf 78' lang='grc' dir='ltr'><strong><em>διαση-</em></strong></span> 
     </span>
     <span class='ocr_line' id='line_1_21' title="bbox 127 2366 864 2452; baseline -0.004 -18"><span class='ocrx_word' id='word_1_180' title='bbox 127 2374 258 2451; x_wconf 82' lang='grc' dir='ltr'><strong><em>μαίνειν,</em></strong></span> <span class='ocrx_word' id='word_1_181' title='bbox 280 2368 425 2431; x_wconf 75' lang='grc' dir='ltr'><strong><em>ἐντεῦθέν</em></strong></span> <span class='ocrx_word' id='word_1_182' title='bbox 445 2389 519 2430; x_wconf 87' lang='grc' dir='ltr'><strong><em>ποτε</em></strong></span> <span class='ocrx_word' id='word_1_183' title='bbox 540 2368 667 2449; x_wconf 80' lang='grc' dir='ltr'><strong><em>ἀρκτέον</em></strong></span> <span class='ocrx_word' id='word_1_184' title='bbox 687 2369 743 2431; x_wconf 76' lang='grc' dir='ltr'><strong><em>τοῦ</em></strong></span> <span class='ocrx_word' id='word_1_185' title='bbox 764 2366 864 2452; x_wconf 84' lang='grc' dir='ltr'><strong><em>λόγου.</em></strong></span> 
     </span>
    </p>
   </div>
   <div class='ocr_carea' id='block_1_5' title="bbox 39 2544 1210 4210">
    <p class='ocr_par' dir='ltr' id='par_1_5' title="bbox 181 2544 682 2678">
     <span class='ocr_line' id='line_1_22' title="bbox 197 2544 682 2619; baseline -0.002 -22"><span class='ocrx_word' id='word_1_186' title='bbox 197 2551 229 2619; x_wconf 77' lang='grc'>9)</span> <span class='ocrx_word' id='word_1_187' title='bbox 248 2546 321 2597; x_wconf 83' lang='lat' dir='ltr'>Mon.</span> <span class='ocrx_word' id='word_1_188' title='bbox 341 2565 457 2597; x_wconf 86' lang='grc' dir='ltr'><strong><em>καταπιν.</em></strong></span> <span class='ocrx_word' id='word_1_189' title='bbox 479 2546 580 2614; x_wconf 78' lang='grc' dir='ltr'><strong><em>μᾶλλον</em></strong></span> <span class='ocrx_word' id='word_1_190' title='bbox 597 2544 638 2596; x_wconf 78' lang='grc' dir='ltr'>ὑπ.</span> <span class='ocrx_word' id='word_1_191' title='bbox 658 2566 682 2596; x_wconf 89' lang='grc' dir='ltr'><strong><em>α.</em></strong></span> 
     </span>
     <span class='ocr_line' id='line_1_23' title="bbox 181 2615 414 2678; baseline -0.017 -9"><span class='ocrx_word' id='word_1_192' title='bbox 181 2621 228 2678; x_wconf 86' lang='grc' dir='ltr'>1ο)</span> <span class='ocrx_word' id='word_1_193' title='bbox 249 2615 322 2665; x_wconf 84' lang='lat' dir='ltr'>ldem</span> <span class='ocrx_word' id='word_1_194' title='bbox 340 2615 414 2666; x_wconf 78' lang='grc' dir='ltr'><strong><em>κατὰ.</em></strong></span> 
     </span>
    </p>

    <p class='ocr_par' dir='ltr' id='par_1_6' title="bbox 39 2676 1210 4210">
     <span class='ocr_line' id='line_1_24' title="bbox 218 2676 1205 2752; baseline 0.001 -18"><span class='ocrx_word' id='word_1_195' title='bbox 218 2683 313 2736; x_wconf 86' lang='lat' dir='ltr'>Tertio</span> <span class='ocrx_word' id='word_1_196' title='bbox 332 2684 446 2751; x_wconf 84' lang='lat' dir='ltr'>denique</span> <span class='ocrx_word' id='word_1_197' title='bbox 465 2676 538 2746; x_wconf 83' lang='lat' dir='ltr'>lbco,</span> <span class='ocrx_word' id='word_1_198' title='bbox 557 2680 784 2748; x_wconf 88' lang='lat' dir='ltr'>Unum-Omnia,</span> <span class='ocrx_word' id='word_1_199' title='bbox 807 2690 933 2752; x_wconf 86' lang='lat' dir='ltr'>quantum</span> <span class='ocrx_word' id='word_1_200' title='bbox 951 2699 1047 2751; x_wconf 89' lang='lat' dir='ltr'>purum</span> <span class='ocrx_word' id='word_1_201' title='bbox 1066 2683 1152 2736; x_wconf 90' lang='lat' dir='ltr'>Unum</span> <span class='ocrx_word' id='word_1_202' title='bbox 1171 2693 1205 2736; x_wconf 86' lang='lat' dir='ltr'>ett</span> 
     </span>
     <span class='ocr_line' id='line_1_25' title="bbox 130 2750 1205 2821; baseline -0.001 -16"><span class='ocrx_word' id='word_1_203' title='bbox 130 2755 212 2821; x_wconf 83' lang='lat' dir='ltr'>[Nam</span> <span class='ocrx_word' id='word_1_204' title='bbox 233 2754 332 2803; x_wconf 75' lang='lat' dir='ltr'>Omnia</span> <span class='ocrx_word' id='word_1_205' title='bbox 350 2752 498 2820; x_wconf 84' lang='lat' dir='ltr'>utrobique</span> <span class='ocrx_word' id='word_1_206' title='bbox 520 2768 571 2821; x_wconf 89' lang='lat' dir='ltr'>pro</span> <span class='ocrx_word' id='word_1_207' title='bbox 592 2750 733 2803; x_wconf 86' lang='lat' dir='ltr'>Communi</span> <span class='ocrx_word' id='word_1_208' title='bbox 752 2751 896 2815; x_wconf 77' lang='lat' dir='ltr'>adjicitur,</span> <span class='ocrx_word' id='word_1_209' title='bbox 915 2767 968 2819; x_wconf 91' lang='lat' dir='ltr'>quo</span> <span class='ocrx_word' id='word_1_210' title='bbox 988 2750 1138 2804; x_wconf 76' lang='lat' dir='ltr'><strong>Perfectum</strong></span> <span class='ocrx_word' id='word_1_211' title='bbox 1156 2755 1205 2815; x_wconf 76' lang='lat' dir='ltr'>Ab·¹</span> 
     </span>
     <span class='ocr_line' id='line_1_26' title="bbox 130 2819 1205 2894; baseline -0.003 -18"><span class='ocrx_word' id='word_1_212' title='bbox 130 2824 302 2889; x_wconf 86' lang='lat' dir='ltr'>solutumque</span> <span class='ocrx_word' id='word_1_213' title='bbox 326 2819 502 2890; x_wconf 79' lang='lat' dir='ltr'>significetur)</span> <span class='ocrx_word' id='word_1_214' title='bbox 528 2821 579 2872; x_wconf 90' lang='lat' dir='ltr'>hoc</span> <span class='ocrx_word' id='word_1_215' title='bbox 599 2819 809 2872; x_wconf 87' lang='lat' dir='ltr'>Unum-Omnia</span> <span class='ocrx_word' id='word_1_216' title='bbox 831 2820 877 2870; x_wconf 90' lang='lat' dir='ltr'>uni</span> <span class='ocrx_word' id='word_1_217' title='bbox 895 2819 976 2870; x_wconf 79' lang='lat' dir='ltr'>classi</span> <span class='ocrx_word' id='word_1_218' title='bbox 995 2821 1124 2872; x_wconf 81' lang='lat' dir='ltr'>uniformi</span> <span class='ocrx_word' id='word_1_219' title='bbox 1145 2841 1205 2894; x_wconf 80' lang='lat' dir='ltr'>prte-</span> 
     </span>
     <span class='ocr_line' id='line_1_27' title="bbox 130 2888 1205 2959; baseline -0.006 -14"><span class='ocrx_word' id='word_1_220' title='bbox 130 2892 198 2958; x_wconf 80' lang='lat' dir='ltr'>eri&#39;t3</span> <span class='ocrx_word' id='word_1_221' title='bbox 227 2890 357 2957; x_wconf 66' lang='lat' dir='ltr'>[vicissim</span> <span class='ocrx_word' id='word_1_222' title='bbox 377 2889 457 2939; x_wconf 88' lang='lat' dir='ltr'>alteri</span> <span class='ocrx_word' id='word_1_223' title='bbox 483 2888 595 2954; x_wconf 85' lang='lat' dir='ltr'>objectae</span> <span class='ocrx_word' id='word_1_224' title='bbox 613 2890 758 2941; x_wconf 89' lang='lat' dir='ltr'>multitudo</span> <span class='ocrx_word' id='word_1_225' title='bbox 778 2889 905 2959; x_wconf 87' lang='lat' dir='ltr'>princeps</span> <span class='ocrx_word' id='word_1_226' title='bbox 925 2888 1062 2957; x_wconf 55' lang='grc' dir='ltr'><strong><em>ματαίῃ)</em></strong></span> <span class='ocrx_word' id='word_1_227' title='bbox 1083 2919 1116 2930; x_wconf 93' lang='lat'>-—</span> <span class='ocrx_word' id='word_1_228' title='bbox 1152 2908 1205 2944; x_wconf 78' lang='lat' dir='ltr'>num</span> 
     </span>
     <span class='ocr_line' id='line_1_28' title="bbox 39 2956 1206 3030; baseline -0.003 -17"><span class='ocrx_word' id='word_1_229' title='bbox 39 2975 43 2982; x_wconf 84' lang='lat'><em>&#39;</em></span> <span class='ocrx_word' id='word_1_230' title='bbox 130 2956 295 3023; x_wconf 81' lang='lat' dir='ltr'>multitudo,</span> <span class='ocrx_word' id='word_1_231' title='bbox 326 2975 378 3010; x_wconf 93' lang='lat' dir='ltr'>non</span> <span class='ocrx_word' id='word_1_232' title='bbox 397 2959 500 3023; x_wconf 80' lang='lat' dir='ltr'>forma,</span> <span class='ocrx_word' id='word_1_233' title='bbox 529 2957 691 3027; x_wconf 86' lang='lat' dir='ltr'>principium</span> <span class='ocrx_word' id='word_1_234' title='bbox 711 2970 765 3024; x_wconf 69' lang='grc' dir='ltr'><strong><em>σοις</em></strong></span> <span class='ocrx_word' id='word_1_235' title='bbox 801 2970 827 3009; x_wconf 88' lang='lat' dir='ltr'>at</span> <span class='ocrx_word' id='word_1_236' title='bbox 854 2975 906 3010; x_wconf 93' lang='lat' dir='ltr'>non</span> <span class='ocrx_word' id='word_1_237' title='bbox 932 2957 1074 3029; x_wconf 82' lang='lat' dir='ltr'>singularis</span> <span class='ocrx_word' id='word_1_238' title='bbox 1095 2961 1206 3030; x_wconf 80' lang='lat' dir='ltr'>quaedam</span> 
     </span>
     <span class='ocr_line' id='line_1_29' title="bbox 70 3025 1206 3102; baseline 0.002 -23"><span class='ocrx_word' id='word_1_239' title='bbox 70 3078 72 3083; x_wconf 78' lang='grc'><strong><em>,</em></strong></span> <span class='ocrx_word' id='word_1_240' title='bbox 129 3029 285 3102; x_wconf 72' lang='lat' dir='ltr'>proprietas</span> <span class='ocrx_word' id='word_1_241' title='bbox 306 3039 358 3090; x_wconf 90' lang='lat' dir='ltr'>est,</span> <span class='ocrx_word' id='word_1_242' title='bbox 383 3026 431 3077; x_wconf 83' lang='lat' dir='ltr'>sed</span> <span class='ocrx_word' id='word_1_243' title='bbox 450 3025 560 3091; x_wconf 81' lang='lat' dir='ltr'>Omnia,</span> <span class='ocrx_word' id='word_1_244' title='bbox 589 3044 650 3079; x_wconf 89' lang='lat' dir='ltr'>cum</span> <span class='ocrx_word' id='word_1_245' title='bbox 679 3038 794 3098; x_wconf 68' lang='lat' dir='ltr'>propter</span> <span class='ocrx_word' id='word_1_246' title='bbox 821 3026 1018 3078; x_wconf 88' lang='lat' dir='ltr'>multitudinem</span> <span class='ocrx_word' id='word_1_247' title='bbox 1047 3027 1206 3100; x_wconf 85' lang='lat' dir='ltr'>principium</span> 
     </span>
     <span class='ocr_line' id='line_1_30' title="bbox 130 3095 1206 3167; baseline -0.004 -14"><span class='ocrx_word' id='word_1_248' title='bbox 130 3103 172 3154; x_wconf 87' lang='lat' dir='ltr'>sit.</span> <span class='ocrx_word' id='word_1_249' title='bbox 198 3097 271 3167; x_wconf 57' lang='lat' dir='ltr'>‚Qua</span> <span class='ocrx_word' id='word_1_250' title='bbox 290 3096 322 3147; x_wconf 92' lang='lat' dir='ltr'>de</span> <span class='ocrx_word' id='word_1_251' title='bbox 340 3115 368 3147; x_wconf 89' lang='lat' dir='ltr'>re</span> <span class='ocrx_word' id='word_1_252' title='bbox 389 3095 598 3147; x_wconf 77' lang='lat' dir='ltr'>Unum-Omnis</span> <span class='ocrx_word' id='word_1_253' title='bbox 616 3096 732 3147; x_wconf 86' lang='lat' dir='ltr'>vicissim</span> <span class='ocrx_word' id='word_1_254' title='bbox 752 3097 786 3148; x_wconf 89' lang='lat' dir='ltr'>ad</span> <span class='ocrx_word' id='word_1_255' title='bbox 803 3109 925 3148; x_wconf 81' lang='lat' dir='ltr'>naturam</span> <span class='ocrx_word' id='word_1_256' title='bbox 942 3114 1042 3162; x_wconf 85' lang='lat' dir='ltr'>rerum,</span> <span class='ocrx_word' id='word_1_257' title='bbox 1064 3116 1121 3166; x_wconf 79' lang='lat' dir='ltr'>quus</span> <span class='ocrx_word' id='word_1_258' title='bbox 1139 3109 1206 3163; x_wconf 74' lang='lat' dir='ltr'>stunt,</span> 
     </span>
     <span class='ocr_line' id='line_1_31' title="bbox 131 3163 1208 3238; baseline -0.004 -16"><span class='ocrx_word' id='word_1_259' title='bbox 131 3163 297 3222; x_wconf 52' lang='lat' dir='ltr'>stabilem&#39;et</span> <span class='ocrx_word' id='word_1_260' title='bbox 314 3165 472 3217; x_wconf 86' lang='lat' dir='ltr'>unif0rmem</span> <span class='ocrx_word' id='word_1_261' title='bbox 492 3165 574 3236; x_wconf 76' lang='lat' dir='ltr'>magis</span> <span class='ocrx_word' id='word_1_262' title='bbox 592 3165 716 3217; x_wconf 87' lang='lat' dir='ltr'>adclinat.</span> <span class='ocrx_word' id='word_1_263' title='bbox 756 3165 842 3215; x_wconf 84' lang='lat' dir='ltr'>Etiam</span> <span class='ocrx_word' id='word_1_264' title='bbox 861 3165 907 3233; x_wconf 83' lang='lat' dir='ltr'>qui</span> <span class='ocrx_word' id='word_1_265' title='bbox 927 3165 958 3214; x_wconf 93' lang='lat' dir='ltr'>de</span> <span class='ocrx_word' id='word_1_266' title='bbox 979 3164 1138 3225; x_wconf 79' lang='lat' dir='ltr'>differentia.</span> <span class='ocrx_word' id='word_1_267' title='bbox 1155 3184 1208 3238; x_wconf 78' lang='lat' dir='ltr'>quse</span> 
     </span>
     <span class='ocr_line' id='line_1_32' title="bbox 129 3233 1207 3306; baseline -0.003 -15"><span class='ocrx_word' id='word_1_268' title='bbox 129 3240 217 3292; x_wconf 91' lang='lat' dir='ltr'>Unum</span> <span class='ocrx_word' id='word_1_269' title='bbox 233 3235 270 3288; x_wconf 83' lang='lat' dir='ltr'>ah</span> <span class='ocrx_word' id='word_1_270' title='bbox 288 3235 406 3286; x_wconf 85' lang='lat' dir='ltr'>lllonade</span> <span class='ocrx_word' id='word_1_271' title='bbox 425 3248 564 3306; x_wconf 76' lang='lat' dir='ltr'>segregat,</span> <span class='ocrx_word' id='word_1_272' title='bbox 586 3246 797 3298; x_wconf 75' lang='lat' dir='ltr'>commentatur,</span> <span class='ocrx_word' id='word_1_273' title='bbox 822 3233 845 3285; x_wconf 87' lang='lat' dir='ltr'>is</span> <span class='ocrx_word' id='word_1_274' title='bbox 863 3248 894 3284; x_wconf 84' lang='lat' dir='ltr'>ea</span> <span class='ocrx_word' id='word_1_275' title='bbox 912 3251 970 3303; x_wconf 77' lang='lat' dir='ltr'>qun</span> <span class='ocrx_word' id='word_1_276' title='bbox 990 3236 1151 3303; x_wconf 87' lang='lat' dir='ltr'>monuimus,</span> <span class='ocrx_word' id='word_1_277' title='bbox 1170 3255 1207 3288; x_wconf 85' lang='lat' dir='ltr'>re·</span> 
     </span>
     <span class='ocr_line' id='line_1_33' title="bbox 71 3302 1206 3372; baseline -0.001 -13"><span class='ocrx_word' id='word_1_278' title='bbox 71 3315 77 3325; x_wconf 67' lang='lat'><em>¹</em></span> <span class='ocrx_word' id='word_1_279' title='bbox 131 3307 279 3372; x_wconf 83' lang='lat' dir='ltr'>cordat0r3</span> <span class='ocrx_word' id='word_1_280' title='bbox 306 3304 425 3368; x_wconf 85' lang='lat' dir='ltr'>scilicet,</span> <span class='ocrx_word' id='word_1_281' title='bbox 452 3322 539 3372; x_wconf 86' lang='lat' dir='ltr'>neque</span> <span class='ocrx_word' id='word_1_282' title='bbox 558 3303 691 3356; x_wconf 91' lang='lat' dir='ltr'>Unitatem</span> <span class='ocrx_word' id='word_1_283' title='bbox 714 3321 760 3354; x_wconf 90' lang='lat' dir='ltr'>seu</span> <span class='ocrx_word' id='word_1_284' title='bbox 783 3302 902 3354; x_wconf 81' lang='lat' dir='ltr'>Monada</span> <span class='ocrx_word' id='word_1_285' title='bbox 930 3321 1014 3371; x_wconf 90' lang='lat' dir='ltr'>neque</span> <span class='ocrx_word' id='word_1_286' title='bbox 1039 3304 1127 3356; x_wconf 91' lang='lat' dir='ltr'>Unum</span> <span class='ocrx_word' id='word_1_287' title='bbox 1153 3305 1206 3358; x_wconf 84' lang='lat' dir='ltr'>illic</span> 
     </span>
     <span class='ocr_line' id='line_1_34' title="bbox 130 3371 1207 3446; baseline -0.005 -16"><span class='ocrx_word' id='word_1_288' title='bbox 130 3391 222 3429; x_wconf 85' lang='lat' dir='ltr'>revera</span> <span class='ocrx_word' id='word_1_289' title='bbox 241 3392 313 3439; x_wconf 88' lang='lat' dir='ltr'>esse,</span> <span class='ocrx_word' id='word_1_290' title='bbox 334 3373 449 3445; x_wconf 87' lang='lat' dir='ltr'>proinde</span> <span class='ocrx_word' id='word_1_291' title='bbox 471 3371 662 3436; x_wconf 84' lang='lat' dir='ltr'>differentiam,</span> <span class='ocrx_word' id='word_1_292' title='bbox 707 3389 755 3423; x_wconf 90' lang='lat' dir='ltr'>uae</span> <span class='ocrx_word' id='word_1_293' title='bbox 777 3372 803 3422; x_wconf 89' lang='lat' dir='ltr'>in</span> <span class='ocrx_word' id='word_1_294' title='bbox 822 3371 919 3424; x_wconf 88' lang='lat' dir='ltr'>citimis</span> <span class='ocrx_word' id='word_1_295' title='bbox 944 3384 1057 3440; x_wconf 86' lang='lat' dir='ltr'>utraque</span> <span class='ocrx_word' id='word_1_296' title='bbox 1075 3387 1207 3446; x_wconf 77' lang='lat' dir='ltr'>segreget,</span> 
     </span>
     <span class='ocr_line' id='line_1_35' title="bbox 130 3389 1207 3514; baseline -0.004 -16"><span class='ocrx_word' id='word_1_297' title='bbox 130 3446 188 3498; x_wconf 92' lang='lat' dir='ltr'>illic</span> <span class='ocrx_word' id='word_1_298' title='bbox 215 3445 242 3496; x_wconf 90' lang='lat' dir='ltr'>iu</span> <span class='ocrx_word' id='word_1_299' title='bbox 265 3445 398 3513; x_wconf 77' lang='lat' dir='ltr'>supremis</span> <span class='ocrx_word' id='word_1_300' title='bbox 424 3458 439 3493; x_wconf 90' lang='lat' dir='ltr'>a</span> <span class='ocrx_word' id='word_1_301' title='bbox 465 3442 543 3496; x_wconf 89' lang='lat' dir='ltr'>nobis</span> <span class='ocrx_word' id='word_1_302' title='bbox 566 3389 746 3513; x_wconf 74' lang='lat' dir='ltr'>reponendum</span> <span class='ocrx_word' id='word_1_303' title='bbox 772 3455 822 3491; x_wconf 86' lang='lat' dir='ltr'>non</span> <span class='ocrx_word' id='word_1_304' title='bbox 847 3456 921 3508; x_wconf 66' lang='grc' dir='ltr'><strong><em>ουτος</em></strong></span> <span class='ocrx_word' id='word_1_305' title='bbox 946 3441 995 3492; x_wconf 83' lang='lat' dir='ltr'>sed</span> <span class='ocrx_word' id='word_1_306' title='bbox 1017 3453 1159 3514; x_wconf 87' lang='lat' dir='ltr'>utrumque</span> <span class='ocrx_word' id='word_1_307' title='bbox 1175 3442 1207 3497; x_wconf 86' lang='lat' dir='ltr'>sd</span> 
     </span>
     <span class='ocr_line' id='line_1_36' title="bbox 129 3509 1207 3586; baseline -0.006 -17"><span class='ocrx_word' id='word_1_308' title='bbox 129 3515 239 3569; x_wconf 85' lang='lat' dir='ltr'>candem</span> <span class='ocrx_word' id='word_1_309' title='bbox 257 3514 427 3584; x_wconf 81' lang='lat' dir='ltr'>quaestionem</span> <span class='ocrx_word' id='word_1_310' title='bbox 439 3523 465 3562; x_wconf 90' lang='lat' dir='ltr'>ct</span> <span class='ocrx_word' id='word_1_311' title='bbox 486 3522 666 3581; x_wconf 76' lang='lat' dir='ltr'>argumentum</span> <span class='ocrx_word' id='word_1_312' title='bbox 684 3511 813 3562; x_wconf 86' lang='lat' dir='ltr'>reducere</span> <span class='ocrx_word' id='word_1_313' title='bbox 833 3509 906 3562; x_wconf 86' lang='lat' dir='ltr'>licet.</span> <span class='ocrx_word' id='word_1_314' title='bbox 936 3510 988 3579; x_wconf 67' lang='lat' dir='ltr'>Qui</span> <span class='ocrx_word' id='word_1_315' title='bbox 1004 3528 1066 3562; x_wconf 84' lang='lat' dir='ltr'>vern</span> <span class='ocrx_word' id='word_1_316' title='bbox 1085 3527 1207 3586; x_wconf 78' lang='lat' dir='ltr'>progres-</span> 
     </span>
     <span class='ocr_line' id='line_1_37' title="bbox 131 3579 1207 3651; baseline -0.006 -15"><span class='ocrx_word' id='word_1_317' title='bbox 131 3586 234 3638; x_wconf 82' lang='lat' dir='ltr'>sioumn</span> <span class='ocrx_word' id='word_1_318' title='bbox 253 3583 370 3635; x_wconf 86' lang='lat' dir='ltr'>secundo</span> <span class='ocrx_word' id='word_1_319' title='bbox 389 3580 522 3651; x_wconf 86' lang='lat' dir='ltr'>principio</span> <span class='ocrx_word' id='word_1_320' title='bbox 540 3579 651 3645; x_wconf 85' lang='lat' dir='ltr'>tribuit,</span> <span class='ocrx_word' id='word_1_321' title='bbox 688 3579 902 3647; x_wconf 82' lang='lat' dir='ltr'>mansionemque</span> <span class='ocrx_word' id='word_1_322' title='bbox 927 3592 982 3630; x_wconf 83' lang='lat' dir='ltr'>tum</span> <span class='ocrx_word' id='word_1_323' title='bbox 1007 3585 1036 3630; x_wconf 77' lang='lat' dir='ltr'>ea</span> <span class='ocrx_word' id='word_1_324' title='bbox 1055 3583 1207 3634; x_wconf 75' lang='lat' dir='ltr'>tum-relius</span> 
     </span>
     <span class='ocr_line' id='line_1_38' title="bbox 130 3647 1206 3717; baseline -0.005 -10"><span class='ocrx_word' id='word_1_325' title='bbox 130 3655 292 3707; x_wconf 84' lang='lat' dir='ltr'>anteriorem</span> <span class='ocrx_word' id='word_1_326' title='bbox 319 3650 481 3703; x_wconf 84' lang='lat' dir='ltr'>indefinitam</span> <span class='ocrx_word' id='word_1_327' title='bbox 506 3666 563 3700; x_wconf 87' lang='lat' dir='ltr'>esse</span> <span class='ocrx_word' id='word_1_328' title='bbox 587 3649 696 3714; x_wconf 77' lang='lat' dir='ltr'>statuit,</span> <span class='ocrx_word' id='word_1_329' title='bbox 726 3649 749 3700; x_wconf 88' lang='lat' dir='ltr'>is</span> <span class='ocrx_word' id='word_1_330' title='bbox 776 3649 880 3717; x_wconf 83' lang='lat' dir='ltr'>pariter</span> <span class='ocrx_word' id='word_1_331' title='bbox 897 3647 985 3700; x_wconf 89' lang='lat' dir='ltr'>udhuc</span> <span class='ocrx_word' id='word_1_332' title='bbox 1006 3648 1033 3698; x_wconf 91' lang='lat' dir='ltr'>in</span> <span class='ocrx_word' id='word_1_333' title='bbox 1052 3652 1206 3703; x_wconf 85' lang='lat' dir='ltr'>carceribus</span> 
     </span>
     <span class='ocr_line' id='line_1_39' title="bbox 131 3716 1206 3786; baseline -0.005 -10"><span class='ocrx_word' id='word_1_334' title='bbox 131 3723 271 3775; x_wconf 88' lang='lat' dir='ltr'>notionum</span> <span class='ocrx_word' id='word_1_335' title='bbox 291 3719 523 3772; x_wconf 87' lang='lat' dir='ltr'>detertuinatarum</span> <span class='ocrx_word' id='word_1_336' title='bbox 543 3716 692 3782; x_wconf 83' lang='lat' dir='ltr'>detinetur,</span> <span class='ocrx_word' id='word_1_337' title='bbox 717 3735 777 3769; x_wconf 85' lang='lat' dir='ltr'>curn</span> <span class='ocrx_word' id='word_1_338' title='bbox 796 3717 822 3767; x_wconf 92' lang='lat' dir='ltr'>in</span> <span class='ocrx_word' id='word_1_339' title='bbox 841 3716 894 3766; x_wconf 89' lang='lat' dir='ltr'>illis</span> <span class='ocrx_word' id='word_1_340' title='bbox 914 3716 1054 3786; x_wconf 78' lang='lat' dir='ltr'>principiis</span> <span class='ocrx_word' id='word_1_341' title='bbox 1075 3719 1206 3771; x_wconf 83' lang='lat' dir='ltr'>ulteriori·</span> 
     </span>
     <span class='ocr_line' id='line_1_40' title="bbox 128 3786 1208 3860; baseline -0.005 -15"><span class='ocrx_word' id='word_1_342' title='bbox 128 3792 179 3845; x_wconf 88' lang='lat' dir='ltr'>bus</span> <span class='ocrx_word' id='word_1_343' title='bbox 204 3792 366 3842; x_wconf 83' lang='lat' dir='ltr'>ruausionem</span> <span class='ocrx_word' id='word_1_344' title='bbox 391 3800 417 3839; x_wconf 88' lang='lat' dir='ltr'>et</span> <span class='ocrx_word' id='word_1_345' title='bbox 441 3787 655 3857; x_wconf 78' lang='lat' dir='ltr'>progressionem</span> <span class='ocrx_word' id='word_1_346' title='bbox 676 3786 825 3858; x_wconf 76' lang='lat' dir='ltr'>disjungat,</span> <span class='ocrx_word' id='word_1_347' title='bbox 853 3786 921 3839; x_wconf 79' lang='lat' dir='ltr'>atleo</span> <span class='ocrx_word' id='word_1_348' title='bbox 941 3803 992 3837; x_wconf 90' lang='lat' dir='ltr'>nnn</span> <span class='ocrx_word' id='word_1_349' title='bbox 1011 3787 1066 3838; x_wconf 81' lang='lat' dir='ltr'>lttec</span> <span class='ocrx_word' id='word_1_350' title='bbox 1086 3789 1208 3860; x_wconf 83' lang='lat' dir='ltr'>explicet,</span> 
     </span>
     <span class='ocr_line' id='line_1_41' title="bbox 131 3855 1208 3928; baseline -0.004 -16"><span class='ocrx_word' id='word_1_351' title='bbox 131 3880 179 3914; x_wconf 90' lang='lat' dir='ltr'>nec</span> <span class='ocrx_word' id='word_1_352' title='bbox 197 3861 224 3911; x_wconf 91' lang='lat' dir='ltr'>in</span> <span class='ocrx_word' id='word_1_353' title='bbox 245 3859 421 3910; x_wconf 74' lang='lat' dir='ltr'>sinceritatem</span> <span class='ocrx_word' id='word_1_354' title='bbox 441 3856 558 3928; x_wconf 78' lang='lat' dir='ltr'>digerat,</span> <span class='ocrx_word' id='word_1_355' title='bbox 578 3872 720 3926; x_wconf 88' lang='lat' dir='ltr'>quousque</span> <span class='ocrx_word' id='word_1_356' title='bbox 739 3857 797 3925; x_wconf 88' lang='lat' dir='ltr'>ipsa</span> <span class='ocrx_word' id='word_1_357' title='bbox 816 3855 1125 3926; x_wconf 71' lang='lat' dir='ltr'>significatiopostulat.</span> <span class='ocrx_word' id='word_1_358' title='bbox 1161 3859 1208 3908; x_wconf 85' lang='lat' dir='ltr'>Ve-</span> 
     </span>
     <span class='ocr_line' id='line_1_42' title="bbox 131 3924 1209 3996; baseline -0.006 -13"><span class='ocrx_word' id='word_1_359' title='bbox 131 3948 189 3983; x_wconf 89' lang='lat' dir='ltr'>rum</span> <span class='ocrx_word' id='word_1_360' title='bbox 208 3941 293 3980; x_wconf 88' lang='lat' dir='ltr'>tamen</span> <span class='ocrx_word' id='word_1_361' title='bbox 312 3927 335 3976; x_wconf 87' lang='lat' dir='ltr'>is</span> <span class='ocrx_word' id='word_1_362' title='bbox 354 3942 462 3996; x_wconf 89' lang='lat' dir='ltr'>qunque</span> <span class='ocrx_word' id='word_1_363' title='bbox 481 3925 562 3976; x_wconf 87' lang='lat' dir='ltr'>nobis</span> <span class='ocrx_word' id='word_1_364' title='bbox 582 3925 750 3989; x_wconf 80' lang='lat' dir='ltr'>consentiet,</span> <span class='ocrx_word' id='word_1_365' title='bbox 776 3925 798 3976; x_wconf 85' lang='lat' dir='ltr'>si</span> <span class='ocrx_word' id='word_1_366' title='bbox 817 3924 946 3976; x_wconf 85' lang='lat' dir='ltr'>manabile</span> <span class='ocrx_word' id='word_1_367' title='bbox 965 3934 990 3975; x_wconf 90' lang='lat' dir='ltr'>ct</span> <span class='ocrx_word' id='word_1_368' title='bbox 1008 3930 1209 3995; x_wconf 74' lang='lat' dir='ltr'>progressuum</span> 
     </span>
     <span class='ocr_line' id='line_1_43' title="bbox 104 3993 1210 4065; baseline -0.005 -13"><span class='ocrx_word' id='word_1_369' title='bbox 104 4020 117 4029; x_wconf 62' lang='grc'><strong><em>“</em></strong></span> <span class='ocrx_word' id='word_1_370' title='bbox 132 4000 278 4052; x_wconf 84' lang='lat' dir='ltr'>secundum</span> <span class='ocrx_word' id='word_1_371' title='bbox 299 3994 481 4065; x_wconf 81' lang='lat' dir='ltr'>principium.</span> <span class='ocrx_word' id='word_1_372' title='bbox 507 3993 604 4045; x_wconf 88' lang='lat' dir='ltr'>stabile</span> <span class='ocrx_word' id='word_1_373' title='bbox 629 4006 724 4046; x_wconf 79' lang='lat' dir='ltr'>contre</span> <span class='ocrx_word' id='word_1_374' title='bbox 748 4006 773 4045; x_wconf 91' lang='lat' dir='ltr'>et</span> <span class='ocrx_word' id='word_1_375' title='bbox 791 4011 915 4059; x_wconf 85' lang='lat' dir='ltr'>manens,</span> <span class='ocrx_word' id='word_1_376' title='bbox 939 3994 1093 4064; x_wconf 73' lang='lat' dir='ltr'>praecedens</span> <span class='ocrx_word' id='word_1_377' title='bbox 1111 3996 1210 4065; x_wconf 85' lang='lat' dir='ltr'>princi·</span> 
     </span>
     <span class='ocr_line' id='line_1_44' title="bbox 131 4061 1208 4137; baseline -0.005 -19"><span class='ocrx_word' id='word_1_378' title='bbox 131 4068 205 4137; x_wconf 88' lang='lat' dir='ltr'>pium</span> <span class='ocrx_word' id='word_1_379' title='bbox 232 4080 375 4129; x_wconf 83' lang='lat' dir='ltr'>vocamus,</span> <span class='ocrx_word' id='word_1_380' title='bbox 410 4064 483 4133; x_wconf 89' lang='lat' dir='ltr'>quod</span> <span class='ocrx_word' id='word_1_381' title='bbox 512 4061 726 4116; x_wconf 85' lang='lat' dir='ltr'>Unum-Omnia</span> <span class='ocrx_word' id='word_1_382' title='bbox 751 4080 910 4134; x_wconf 86' lang='lat' dir='ltr'>usurpamus</span> <span class='ocrx_word' id='word_1_383' title='bbox 941 4080 1002 4134; x_wconf 86' lang='lat' dir='ltr'>sqq.</span> <span class='ocrx_word' id='word_1_384' title='bbox 1041 4093 1073 4102; x_wconf 89' lang='lat'><em>-</em></span> <span class='ocrx_word' id='word_1_385' title='bbox 1111 4094 1143 4105; x_wconf 88' lang='lat'>-</span> <span class='ocrx_word' id='word_1_386' title='bbox 1179 4094 1208 4104; x_wconf 78' lang='lat'>-</span> 
     </span>
     <span class='ocr_line' id='line_1_45' title="bbox 131 4130 1208 4210; baseline -0.002 -21"><span class='ocrx_word' id='word_1_387' title='bbox 131 4135 160 4188; x_wconf 88' lang='lat' dir='ltr'>Si</span> <span class='ocrx_word' id='word_1_388' title='bbox 178 4136 283 4210; x_wconf 79' lang='lat' dir='ltr'>igitur,</span> <span class='ocrx_word' id='word_1_389' title='bbox 302 4145 434 4204; x_wconf 84' lang='lat' dir='ltr'>quatenus</span> <span class='ocrx_word' id='word_1_390' title='bbox 454 4133 543 4185; x_wconf 89' lang='lat' dir='ltr'>Unum</span> <span class='ocrx_word' id='word_1_391' title='bbox 560 4146 648 4204; x_wconf 75' lang='lat' dir='ltr'>prope</span> <span class='ocrx_word' id='word_1_392' title='bbox 666 4130 811 4184; x_wconf 83' lang='lat' dir='ltr'>lueffabile</span> <span class='ocrx_word' id='word_1_393' title='bbox 825 4132 976 4198; x_wconf 87' lang='lat' dir='ltr'>descendit,</span> <span class='ocrx_word' id='word_1_394' title='bbox 1002 4132 1146 4188; x_wconf 82' lang='lat' dir='ltr'>descensus</span> <span class='ocrx_word' id='word_1_395' title='bbox 1166 4135 1208 4187; x_wconf 84' lang='lat' dir='ltr'>bic</span> 
     </span>
    </p>
   </div>
   <div class='ocr_carea' id='block_1_6' title="bbox 0 0 1305 4672">
    <p class='ocr_par' dir='ltr' id='par_1_7' title="bbox 0 0 1305 4672">
     <span class='ocr_line' id='line_1_46' title="bbox 0 0 1305 4672; baseline 0 0"><span class='ocrx_word' id='word_1_396' title='bbox 0 0 1305 4672; x_wconf 95' lang='lat' dir='ltr'> </span> 
     </span>
    </p>
   </div>
  </div>
 </body>
</html>
