2586 4672
91 237 159 320 ιςο

89 409 165 482 ι’όστε
188 419 239 481 ναί
261 410 320 496 πρὸ
342 412 449 487 οὐσίας
470 413 551 477 εἶναι
579 415 630 476 καί
652 407 711 494 πρὸ
735 398 812 486 ίνός,
834 416 887 475 τοῦ
909 436 941 494 γε
961 408 1021 494 πρό
1044 412 1140 487 οὐσίας
1152 420 1167 486 ⁹}

86 520 170 597 ἑνός.
212 522 287 586 Ἐπὶ
314 523 391 585 πᾶσι
419 519 453 584 δὲ
485 523 605 594 τούτοις
625 519 645 600 ἡ
667 523 776 597 γνῶσις
797 514 993 603 περιγράφειν
1015 519 1117 585 ἐθέλει
1136 549 1166 585 ιια

98 626 335 714 περιλαμβάνειν
361 625 397 692 τό
427 623 574 711 γνωστόν,
604 624 685 700 εἶδος
714 623 749 690 δὲ
777 630 840 689 πᾶν
862 620 897 688 τό
918 608 1166 712 περιγραφόμενον

98 735 132 801 τό
153 737 187 800 δὲ
207 737 360 819 ἡνωμένον
381 733 599 819 ἀπερίγραφον,
619 729 774 816 ἄγνωστον
794 729 854 815 όίρα
875 732 992 808 τελέως.

115 927 118 933 ¹
173 840 264 911 Ἀλλό
288 843 350 929 μην
372 844 424 907 καὶ
445 843 475 906 εί
492 868 537 915 τις
556 840 720 924 ὑποθοῖσο,
735 835 770 904 τό
793 837 950 926 ἄγνωστον
971 846 1083 922 έκεῖνο,
1101 844 1167 930 γαί-ε

98 951 156 1028 πὸς
178 952 194 1014 ό
217 951 322 1036 λόγος·
344 948 405 1035 ἡόη
427 950 482 1033 μέν
504 945 560 1034 γόρ
581 975 645 1024 πως
664 950 717 1014 καὶ
736 948 825 1044 ἡμεῖς
846 948 997 1033 δοκοῦμεν
1020 948 1055 1017 τό
1076 952 1167 1038 ἡνωμέ

97 1085 151 1125 νον
174 1061 334 1138 ὑπονοεῖν,
364 1046 412 1123 ότι
437 1053 497 1144 πρὸ
527 1055 632 1131 οὐσίας
659 1059 725 1122 ἐστί
751 1059 803 1123 καί
828 1058 896 1134 ἑνός
916 1063 974 1125 τού
996 1060 1056 1144 πρό
1080 1063 1166 1138 οὐσίας

97 1166 156 1255 πρό
178 1169 291 1253 ὐμφοῖν
313 1164 401 1253 γετό
424 1165 658 1251 συναμφότερον.
700 1172 740 1232 Εἰ
761 1165 795 1231 δὲ
814 1165 905 1250 μὴπω
925 1172 978 1234 καί
991 1169 1102 1253 ἡμεῖς,
1121 1172 1165 1238 sm

99 1270 116 1343 ό
134 1305 167 1364 γε
188 1282 279 1352 θεῖος
300 1279 373 1351 νοῦς
393 1272 515 1347 ποίνιμος
535 1277 695 1339 ἐπίσταται
715 1272 750 1339 τό
769 1274 922 1360 ἡνωμένον
945 1269 1006 1342 ότι
1022 1281 1097 1345 ποτὲ
1113 1280 1164 1346 είνν

98 1386 243 1474 βούλεται
263 1383 342 1449 κατὰ
363 1390 432 1467 μίαν
454 1379 544 1462 φύσιν
566 1378 622 1466 τὴν
642 1379 702 1466 π’ρύ
727 1382 834 1460 οὐσίας
855 1410 887 1449 τε
908 1387 961 1450 ναί
983 1385 1061 1460 ἑνός.

174 1493 300 1563 Ἔπειτα
321 1497 424 1578 μέντοι
447 1493 485 1566 ὡς
507 1496 570 1555 ἔστι
594 1489 652 1575 πρό
677 1490 782 1567 οὐσίας
802 1495 907 1558 τεκαὶ
928 1492 996 1569 ἑνὸς
1020 1492 1057 1560 τό
1078 1498 1162 1581 ἡνωμί

96 1629 160 1681 νον,
185 1599 264 1668 οὐτω
285 1605 338 1666 καὶ
358 1596 417 1682 πρό
441 1603 494 1683 τὴς
517 1603 631 1674 ἑνιαίας
648 1595 781 1682 γναίσεως
802 1602 854 1665 καί
875 1601 929 1683 τὴς
951 1602 1121 1682 οὐσινίδονς
1138 1609 1160 1670 εί

60 1794 61 1797 ¹
96 1708 132 1774 ίίν
154 1712 172 1793 ἡ
196 1710 299 1784 ἁπλαῖς
321 1711 430 1794 γνῶσις
450 1711 586 1792 ρηθεῖσα
605 1704 654 1783 ἂν,
671 1701 731 1791 πρό
746 1707 858 1789 ἀμφοῖν
875 1697 951 1774 οὐσα
967 1713 1007 1788 ¹⁰)
1027 1716 1106 1780 νατοὶ
1118 1724 1158 1800 μίν

95 1813 267 1904 φόσιντὴν
291 1816 449 1900 ἡνωμένην.
484 1817 549 1879 Καὶ
570 1813 627 1899 γιίρ
650 1813 752 1899 διττὴς
774 1814 866 1898 οὐσης
886 1821 944 1901 τὴς
965 1821 1058 1902 ζωὴς,
1081 1823 1157 1889 σύσισ

95 1927 170 1999 δους
200 1949 233 1990 τε
262 1928 313 1989 καί
340 1928 473 2002 ἕνιαίας,
504 1925 551 2007 εἴη
578 1918 617 1988 ι’ίν
644 1925 696 1987 καί
721 1924 742 2006 ἡ
771 1920 831 2009 πρό
851 1924 965 2009 ἀμφοῖν
986 1928 1093 2006 ἁπλῶς
1112 1922 1156 1998 οὐο

96 2032 173 2117 ζωὴ,
202 2024 343 2117 ὥσπερὴ
373 2031 479 2105 ἁπλῶς
505 2031 685 2107 ὑπόστασις,
714 2030 805 2097 οὐδὲν
826 2032 858 2096 δέ
880 2030 993 2100 κωλύει
1014 2042 1068 2105 καί
1086 2041 1155 2106 οὐσία

96 2145 185 2226 φόνοι
205 2148 271 2208 κατ’
292 2141 365 2207 όίλο
387 2137 422 2205 τό
447 2137 671 2224 συναμφότερον
692 2143 922 2224 σημαινόμενον·
946 2143 1089 2223 ἡόιπλῶς
1108 2154 1154 2215 ἐστι

97 2251 280 2328 ὑπόστασις,
313 2248 401 2314 οὐσία
431 2247 464 2313 δὲ
487 2249 596 2332 ὁμοίως
623 2249 643 2330 ἡ
673 2247 751 2314 κατὰ
773 2245 807 2314 τό
832 2247 924 2332 ἄκρον
946 2261 1002 2319 τοῦ
1023 2257 1153 2340 ἡνωμένα

96 2363 136 2436 ὦς
166 2357 243 2426 κατὰ
266 2356 313 2424 τὸ·
332 2361 477 2443 μέσονΗ)
507 2357 526 2442 ἡ
554 2357 691 2442 ἡνωμένη
720 2364 829 2451 γνῶσις
851 2364 1003 2444 ῥηθεῖσα·
1036 2372 1086 2431 καὶ
1106 2365 1152 2434 αόι

96 2473 174 2535 ἐστίν
195 2470 213 2550 ἡ
234 2464 328 2554 νοητὴ
350 2471 456 2551 γνῶσις
480 2466 519 2540 ὡς
541 2465 687 2550 ἀληθῶς,
710 2468 793 2553 ναίὴ
809 2467 901 2555 νοητὴ
918 2468 977 2557 ζωὴ
1001 2481 1052 2542 καί
1074 2477 1093 2564 ἡ
1114 2505 1151 2544 νοι

93 2572 132 2658 τὴ
161 2575 262 2654 οὐσία,
292 2573 326 2639 τό
356 2569 466 2658 νοητὸν
496 2577 604 2658 ἔχουσα
623 2572 722 2638 κοινόν
749 2574 876 2659 ἑκάστη·
903 2586 998 2645 τοῦτο
1033 2583 1067 2650 δὲ
1094 2576 1149 2668 ἡν·4

95 2664 243 2766 ἡωμὲνον·
272 2683 371 2746 πάντα
402 2681 465 2744 ἐστὶ
494 2675 551 2765 γὰρ
579 2677 663 2746 ἀλλὰ.
686 2686 816 2765 νοητοῖς,
849 2687 924 2767 φησί
959 2686 1001 2753 τό
1028 2689 1073 2757 λα’
1081 2720 1148 2778 γισι

64 2836 69 2843 .
96 2793 184 2855 τοῦτο
213 2788 240 2854 δ’
272 2791 355 2853 ἐστίν
384 2787 562 2869 ὐδιακρίνως
589 2813 622 2852 τε
651 2791 702 2852 καί
733 2791 898 2872 ἡνωμένως.
922 2791 1034 2862 Ἔστιν
1055 2799 1144 2883 ι’ίρακ

20 2965 22 2982 ἡ
93 2903 206 2983 γνῶσις·
221 2893 330 2981 νοητὴ,
353 2897 405 2960 καὶ
425 2887 505 2978 αὕτη
527 2895 641 2979 ε’στὶνὴ
659 2896 762 2971 ἁπλῶς
786 2905 908 2981 γνῶσις·
932 2900 1004 2969 οὕτε
1017 2907 1072 2993 γσίρ
1088 2915 1144 2974 ἕντι

94 3002 165 3068 οὐτε
194 3001 359 3087 οὐσιιόόης,
392 2999 472 3067 ἀλλὰ
492 2998 551 3085 πρὸ
580 3002 706 3086 ἰιμφσῖν,
735 3003 850 3068 ταύτόν
871 3005 905 3071 δὲ
925 3015 1022 3077 εἰπεῖν
1043 3014 1104 3101 πρό
1120 3046 1145 3082 πι

94 3118 163 3179 σῶν.
208 3117 338 3197 Πρῶτος
367 3106 462 3195 γόρό
489 3115 544 3174 τοῦ
564 3113 629 3186 ἑνός
650 3114 701 3176 καί
721 3117 776 3195 τ-ἡς
802 3115 905 3190 οὐσίας
930 3117 1101 3206 διορισμός·
1131 3124 1143 3189 ό

95 3221 146 3283 καὶ
169 3217 229 3302 ζωὴ
251 3218 353 3292 ἁπλῶς
375 3221 471 3303 ἐκείνη
491 3218 543 3280 καί
565 3217 654 3284 οὐσία
678 3221 784 3302 ὁμοίως
806 3222 885 3287 κατοί
905 3225 1007 3294 κοινόν
1028 3237 1082 3316 τῆς
1101 3237 1142 3298 ἔνι

11 3351 13 3354 ·
94 3333 143 3401 ίας
164 3328 216 3390 καί
237 3329 291 3417 ηὴς
312 3321 491 3400 οὐσιαίδους.
1064 3340 1066 3344 ’

178 3426 267 3518 Λύτη
300 3434 341 3508 ¹2)
373 3431 406 3498 δέ
445 3423 503 3498 οὐν
527 3432 546 3517 ἡ
576 3438 681 3518 γνῶσις
716 3435 734 3520 ἡ
770 3436 863 3525 νοητὴ
896 3443 951 3506 τοῦ
987 3444 1090 3522 ἁπλῶς
1117 3451 1139 3511 ἕο

164 3568 195 3634 9)
215 3565 289 3617 Mon.
309 3565 373 3636 πρὸς
392 3564 488 3624 οὐσίας.
509 3566 537 3616 ln
559 3564 657 3617 Hamh.
679 3567 712 3618 ad
731 3586 815 3641 marg.
836 3575 920 3627 rubro
940 3576 1024 3647 pigm.
1043 3580 1138 3650 πρσῖσύι

95 3635 151 3686 εἰπε
170 3634 226 3686 ulla
245 3647 322 3698 nota,
348 3651 401 3702 quo
423 3636 563 3705 pertineat.
588 3637 653 3688 Mox
673 3637 747 3690 Mon.
767 3639 896 3695 ὐποθεῖτο
917 3645 974 3715 ὐγν.

150 3705 193 3766 ιο)
215 3707 289 3756 Mon.
310 3701 396 3755 οὖσαν.

150 3779 196 3837 11]
215 3775 289 3825 Mon.
309 3774 358 3825 fol.
379 3771 421 3825 80.
441 3772 473 3825 A.
494 3771 553 3824 finit
571 3774 710 3845 paginam:
741 3777 774 3836 ὡς
792 3781 857 3830 κατὰ
874 3781 905 3833 τὸ
922 3789 1002 3852 μέσον
1022 3787 1038 3854 ἡ
1059 3803 1083 3842 et
1100 3804 1135 3838 νει

95 3844 193 3925 pagina
221 3840 325 3916 pergit:
352 3842 467 3912 ἡνωμένη
486 3843 727 3918 γνῶσιςιρηθεῖσα·
756 3849 798 3898 καὶ
820 3848 888 3916 αὐτη,
909 3857 977 3905 ἐστιν
994 3857 1010 3923 ἡ
1028 3879 1049 3910 ν.
1068 3879 1104 3926 γν.

95 3932 121 3965 1n
147 3913 277 3964 inferiore
301 3930 397 3982 pegma
416 3916 447 3965 A.
470 3924 556 3964 notat:
587 3919 613 3966 ἓν
631 3917 705 3987 ίτίρφ
723 3921 790 3968 ἐστιν
809 3917 906 3981 οὕτως·
935 3925 985 3992 ζωὴ
1004 3931 1046 3979 καί
1065 3926 1124 3980 κατὰ

15 4042 19 4049 ,
95 3988 184 4052 τρίτον
208 3982 322 4051 ἡνωμένη
347 3985 447 4051 γνῶσις.
485 3982 521 4033 Ut
539 4001 602 4036 vera
620 3985 647 4038 h.
667 3988 683 4037 l.
705 3985 853 4040 lectio'sit:
885 3991 918 4051 ὡς
935 3997 1000 4047 κατὰ
1019 3999 1050 4049 τὸ
1066 4003 1133 4067 μέσον

95 4053 209 4119 ἡνωμένη
232 4051 282 4118 ζωὴ
301 4053 343 4102 καὶ
361 4050 474 4103 κατὰτὸ
492 4071 534 4121 τρ.
550 4051 566 4117 ἡ
584 4053 623 4119 ἡν.
642 4057 734 4122 γνῶσις
753 4060 818 4126 ρηθ.

152 4130 193 4186 ιε)
215 4122 290 4175 Mon.
307 4120 340 4186 δὴ
356 4120 425 4187 ...ἡ
444 4123 535 4186 νοητσὶ
554 4124 632 4188 (εἰσ).
722 4117 725 4126 '

181 4197 186 4207 x
