<?xml version="1.0" encoding="UTF-8"?>
<!DOCTYPE html PUBLIC "-//W3C//DTD XHTML 1.0 Transitional//EN"
    "http://www.w3.org/TR/xhtml1/DTD/xhtml1-transitional.dtd">
<html xmlns="http://www.w3.org/1999/xhtml" xml:lang="en" lang="en">
 <head>
  <title>
</title>
<meta http-equiv="Content-Type" content="text/html;charset=utf-8" />
  <meta name='ocr-system' content='tesseract 3.04.00' />
  <meta name='ocr-capabilities' content='ocr_page ocr_carea ocr_par ocr_line ocrx_word'/>
</head>
<body>
  <div class='ocr_page' id='page_1' title='image "./qustionesdeprim00koppgoog_0195.png"; bbox 0 0 2586 4672; ppageno 0'>
   <div class='ocr_carea' id='block_1_1' title="bbox 59 221 197 294">
    <p class='ocr_par' dir='ltr' id='par_1_1' title="bbox 59 221 197 294">
     <span class='ocr_line' id='line_1_1' title="bbox 59 221 197 294; baseline 0.051 -7"><span class='ocrx_word' id='word_1_1' title='bbox 59 221 197 294; x_wconf 59' lang='lat'>“166</span> 
     </span>
    </p>
   </div>
   <div class='ocr_carea' id='block_1_2' title="bbox 122 401 1195 709">
    <p class='ocr_par' dir='ltr' id='par_1_2' title="bbox 122 401 1195 709">
     <span class='ocr_line' id='line_1_2' title="bbox 125 401 1194 496; baseline -0.005 -21"><span class='ocrx_word' id='word_1_2' title='bbox 125 414 184 496; x_wconf 72' lang='lat'>66⁶</span> <span class='ocrx_word' id='word_1_3' title='bbox 204 415 261 492; x_wconf 89' lang='grc' dir='ltr'><em>μέν</em></span> <span class='ocrx_word' id='word_1_4' title='bbox 286 435 352 474; x_wconf 90' lang='grc' dir='ltr'><em>τινα</em></span> <span class='ocrx_word' id='word_1_5' title='bbox 379 403 518 484; x_wconf 79' lang='grc' dir='ltr'><em>σύνταξιν</em></span> <span class='ocrx_word' id='word_1_6' title='bbox 542 401 617 490; x_wconf 78' lang='grc' dir='ltr'><em>άλην</em></span> <span class='ocrx_word' id='word_1_7' title='bbox 643 410 843 490; x_wconf 87' lang='grc' dir='ltr'><em>φαινομένην,</em></span> <span class='ocrx_word' id='word_1_8' title='bbox 864 404 900 471; x_wconf 87' lang='lat'>66</span> <span class='ocrx_word' id='word_1_9' title='bbox 919 403 982 492; x_wconf 76' lang='grc' dir='ltr'><em>μην</em></span> <span class='ocrx_word' id='word_1_10' title='bbox 1004 408 1044 483; x_wconf 80' lang='grc' dir='ltr'>ὡς</span> <span class='ocrx_word' id='word_1_11' title='bbox 1066 405 1194 484; x_wconf 81' lang='grc' dir='ltr'><em>ὁλότητος</em></span> 
     </span>
     <span class='ocr_line' id='line_1_3' title="bbox 122 511 1195 604; baseline -0.003 -21"><span class='ocrx_word' id='word_1_12' title='bbox 122 522 201 604; x_wconf 82' lang='grc' dir='ltr'><em>πρός</em></span> <span class='ocrx_word' id='word_1_13' title='bbox 215 523 289 601; x_wconf 88' lang='grc' dir='ltr'><em>μέρη</em></span> <span class='ocrx_word' id='word_1_14' title='bbox 312 515 380 580; x_wconf 87' lang='lat'>6666</span> <span class='ocrx_word' id='word_1_15' title='bbox 402 517 441 590; x_wconf 82' lang='grc' dir='ltr'>ὡς</span> <span class='ocrx_word' id='word_1_16' title='bbox 461 511 539 600; x_wconf 80' lang='grc' dir='ltr'><em>πρὸς</em></span> <span class='ocrx_word' id='word_1_17' title='bbox 561 527 693 600; x_wconf 81' lang='grc' dir='ltr'><em>στοιχεῖα</em></span> <span class='ocrx_word' id='word_1_18' title='bbox 713 517 823 598; x_wconf 81' lang='grc' dir='ltr'><em>μιντοῦ</em></span> <span class='ocrx_word' id='word_1_19' title='bbox 845 513 1030 601; x_wconf 73' lang='grc' dir='ltr'><em>πράγματος,</em></span> <span class='ocrx_word' id='word_1_20' title='bbox 1052 516 1117 582; x_wconf 73' lang='grc' dir='ltr'><em>ἀλλ’</em></span> <span class='ocrx_word' id='word_1_21' title='bbox 1138 512 1195 599; x_wconf 75' lang='grc' dir='ltr'><em>ὅπερ</em></span> 
     </span>
     <span class='ocr_line' id='line_1_4' title="bbox 125 621 1194 709; baseline -0.001 -20"><span class='ocrx_word' id='word_1_22' title='bbox 125 628 240 708; x_wconf 84' lang='grc' dir='ltr'><em>εἴρηται</em></span> <span class='ocrx_word' id='word_1_23' title='bbox 267 621 345 689; x_wconf 85' lang='grc' dir='ltr'><em>κατά</em></span> <span class='ocrx_word' id='word_1_24' title='bbox 366 621 420 706; x_wconf 78' lang='grc' dir='ltr'>την</span> <span class='ocrx_word' id='word_1_25' title='bbox 442 626 566 705; x_wconf 78' lang='grc' dir='ltr'>συμφυᾶ</span> <span class='ocrx_word' id='word_1_26' title='bbox 587 626 647 687; x_wconf 76' lang='grc' dir='ltr'><em>ταῖν</em></span> <span class='ocrx_word' id='word_1_27' title='bbox 668 621 813 708; x_wconf 78' lang='grc' dir='ltr'><em>δευτέρων</em></span> <span class='ocrx_word' id='word_1_28' title='bbox 834 622 881 688; x_wconf 85' lang='lat'>666</span> <span class='ocrx_word' id='word_1_29' title='bbox 902 623 978 706; x_wconf 82' lang='grc' dir='ltr'><em>πρὸς</em></span> <span class='ocrx_word' id='word_1_30' title='bbox 998 622 1038 690; x_wconf 85' lang='grc' dir='ltr'><em>τά</em></span> <span class='ocrx_word' id='word_1_31' title='bbox 1057 625 1194 709; x_wconf 78' lang='grc' dir='ltr'><em>προηγεί-</em></span> 
     </span>
    </p>
   </div>
   <div class='ocr_carea' id='block_1_3' title="bbox 10 727 1194 821">
    <p class='ocr_par' dir='ltr' id='par_1_3' title="bbox 10 727 1194 821">
     <span class='ocr_line' id='line_1_5' title="bbox 10 727 1194 821; baseline 0.003 -25"><span class='ocrx_word' id='word_1_32' title='bbox 10 731 14 744; x_wconf 75' lang='lat'>&#39;</span> <span class='ocrx_word' id='word_1_33' title='bbox 99 747 101 749; x_wconf 73' lang='grc'><strong><em>’</em></strong></span> <span class='ocrx_word' id='word_1_34' title='bbox 123 761 198 816; x_wconf 84' lang='grc' dir='ltr'><em>μενα</em></span> <span class='ocrx_word' id='word_1_35' title='bbox 215 735 265 796; x_wconf 85' lang='lat'>6666</span> <span class='ocrx_word' id='word_1_36' title='bbox 287 728 366 815; x_wconf 78' lang='grc' dir='ltr'><em>πρὸς</em></span> <span class='ocrx_word' id='word_1_37' title='bbox 381 727 418 796; x_wconf 87' lang='grc' dir='ltr'><em>τά</em></span> <span class='ocrx_word' id='word_1_38' title='bbox 429 728 604 816; x_wconf 78' lang='grc' dir='ltr'><em>παράγοντα</em></span> <span class='ocrx_word' id='word_1_39' title='bbox 626 739 685 796; x_wconf 81' lang='grc' dir='ltr'>τῶν</span> <span class='ocrx_word' id='word_1_40' title='bbox 706 736 928 816; x_wconf 74' lang='grc' dir='ltr'><em>παραγομένων</em></span> <span class='ocrx_word' id='word_1_41' title='bbox 945 733 1194 821; x_wconf 82' lang='grc' dir='ltr'><em>ἀλληλουχίαν.-</em></span> 
     </span>
    </p>
   </div>
   <div class='ocr_carea' id='block_1_4' title="bbox 202 861 1193 992">
    <p class='ocr_par' dir='ltr' id='par_1_4' title="bbox 202 861 1193 992">
     <span class='ocr_line' id='line_1_6' title="bbox 202 861 1193 992; baseline 0.002 -62"><span class='ocrx_word' id='word_1_42' title='bbox 202 865 288 930; x_wconf 83' lang='grc' dir='ltr'>Ὁδὲ</span> <span class='ocrx_word' id='word_1_43' title='bbox 304 869 441 939; x_wconf 81' lang='grc' dir='ltr'><em>τοιοῦτος</em></span> <span class='ocrx_word' id='word_1_44' title='bbox 441 861 662 992; x_wconf 85' lang='grc' dir='ltr'><em>πρσπσδισμὸς</em></span> <span class='ocrx_word' id='word_1_45' title='bbox 688 862 774 930; x_wconf 78' lang='grc' dir='ltr'><em>σάπω</em></span> <span class='ocrx_word' id='word_1_46' title='bbox 795 868 828 928; x_wconf 79' lang='lat'>66</span> <span class='ocrx_word' id='word_1_47' title='bbox 847 869 890 948; x_wconf 82' lang='grc' dir='ltr'><em>τῷ</em></span> <span class='ocrx_word' id='word_1_48' title='bbox 911 869 1022 950; x_wconf 80' lang='grc' dir='ltr'><em>πρώτῳ</em></span> <span class='ocrx_word' id='word_1_49' title='bbox 1044 871 1136 952; x_wconf 69' lang='grc' dir='ltr'><em>μικτηῖ</em></span> <span class='ocrx_word' id='word_1_50' title='bbox 1153 871 1193 931; x_wconf 87' lang='grc' dir='ltr'>πέ-</span> 
     </span>
    </p>
   </div>
   <div class='ocr_carea' id='block_1_5' title="bbox 75 969 1235 1060">
    <p class='ocr_par' dir='ltr' id='par_1_5' title="bbox 75 969 1235 1060">
     <span class='ocr_line' id='line_1_7' title="bbox 75 969 1235 1060; baseline 0.003 -23"><span class='ocrx_word' id='word_1_51' title='bbox 75 978 82 994; x_wconf 83' lang='lat'><em>&#39;</em></span> <span class='ocrx_word' id='word_1_52' title='bbox 123 1001 225 1058; x_wconf 84' lang='grc' dir='ltr'><em>ηηνει,</em></span> <span class='ocrx_word' id='word_1_53' title='bbox 247 999 300 1039; x_wconf 81' lang='grc' dir='ltr'>ατε</span> <span class='ocrx_word' id='word_1_54' title='bbox 313 999 421 1060; x_wconf 83' lang='grc' dir='ltr'><em>στρατω</em></span> <span class='ocrx_word' id='word_1_55' title='bbox 438 970 503 1039; x_wconf 84' lang='lat'>6666</span> <span class='ocrx_word' id='word_1_56' title='bbox 519 975 570 1038; x_wconf 81' lang='grc' dir='ltr'><em>καὶ</em></span> <span class='ocrx_word' id='word_1_57' title='bbox 586 970 670 1038; x_wconf 79' lang='lat'>66666</span> <span class='ocrx_word' id='word_1_58' title='bbox 686 970 875 1059; x_wconf 61' lang='lat'>666666666&#39;</span> <span class='ocrx_word' id='word_1_59' title='bbox 849 1000 892 1049; x_wconf 84' lang='grc' dir='ltr'>εις</span> <span class='ocrx_word' id='word_1_60' title='bbox 904 999 1024 1056; x_wconf 88' lang='grc' dir='ltr'><em>πρωτον</em></span> <span class='ocrx_word' id='word_1_61' title='bbox 1038 1002 1091 1040; x_wconf 86' lang='grc' dir='ltr'><em>και</em></span> <span class='ocrx_word' id='word_1_62' title='bbox 1083 969 1192 1041; x_wconf 85' lang='lat'>66666·</span> <span class='ocrx_word' id='word_1_63' title='bbox 1233 1001 1235 1009; x_wconf 80' lang='grc'><em>’</em></span> 
     </span>
    </p>
   </div>
   <div class='ocr_carea' id='block_1_6' title="bbox 45 1077 1235 2370">
    <p class='ocr_par' dir='ltr' id='par_1_6' title="bbox 45 1077 1235 1599">
     <span class='ocr_line' id='line_1_8' title="bbox 45 1077 1235 1170; baseline -0.001 -22"><span class='ocrx_word' id='word_1_64' title='bbox 45 1128 51 1139; x_wconf 84' lang='lat'><strong>·</strong></span> <span class='ocrx_word' id='word_1_65' title='bbox 85 1086 175 1164; x_wconf 57' lang='grc' dir='ltr'><em>’Ἆρον</em></span> <span class='ocrx_word' id='word_1_66' title='bbox 189 1082 374 1170; x_wconf 89' lang='grc' dir='ltr'><em>πληρωμα</em></span> <span class='ocrx_word' id='word_1_67' title='bbox 382 1080 429 1149; x_wconf 84' lang='grc' dir='ltr'><em>Η</em></span> <span class='ocrx_word' id='word_1_68' title='bbox 439 1108 515 1148; x_wconf 91' lang='grc' dir='ltr'><em>ουτω</em></span> <span class='ocrx_word' id='word_1_69' title='bbox 533 1108 566 1167; x_wconf 78' lang='grc' dir='ltr'>γε</span> <span class='ocrx_word' id='word_1_70' title='bbox 586 1084 638 1147; x_wconf 88' lang='lat'>6666</span> <span class='ocrx_word' id='word_1_71' title='bbox 658 1077 694 1147; x_wconf 82' lang='lat'>66</span> <span class='ocrx_word' id='word_1_72' title='bbox 713 1086 836 1166; x_wconf 81' lang='grc' dir='ltr'><em>πρῶτον</em></span> <span class='ocrx_word' id='word_1_73' title='bbox 858 1085 944 1148; x_wconf 76' lang='grc' dir='ltr'><em>ἔσται</em></span> <span class='ocrx_word' id='word_1_74' title='bbox 965 1083 1086 1166; x_wconf 80' lang='grc' dir='ltr'><em>μικτὸν,</em></span> <span class='ocrx_word' id='word_1_75' title='bbox 1106 1112 1152 1150; x_wconf 85' lang='grc' dir='ltr'><em>και</em></span> <span class='ocrx_word' id='word_1_76' title='bbox 1167 1107 1235 1147; x_wconf 89' lang='grc' dir='ltr'>ιο</span> 
     </span>
     <span class='ocr_line' id='line_1_9' title="bbox 123 1184 1235 1278; baseline 0 -21"><span class='ocrx_word' id='word_1_77' title='bbox 123 1192 304 1278; x_wconf 82' lang='grc' dir='ltr'><em>δεύτερον</em></span> <span class='ocrx_word' id='word_1_78' title='bbox 292 1199 399 1275; x_wconf 84' lang='grc' dir='ltr'><em>ομοίως</em></span> <span class='ocrx_word' id='word_1_79' title='bbox 424 1188 541 1275; x_wconf 83' lang='grc' dir='ltr'><em>μικτόν.</em></span> <span class='ocrx_word' id='word_1_80' title='bbox 574 1194 624 1255; x_wconf 86' lang='lat'>666</span> <span class='ocrx_word' id='word_1_81' title='bbox 651 1186 706 1277; x_wconf 70' lang='grc' dir='ltr'>γάρ</span> <span class='ocrx_word' id='word_1_82' title='bbox 732 1195 764 1256; x_wconf 78' lang='grc' dir='ltr'><em>έν</em></span> <span class='ocrx_word' id='word_1_83' title='bbox 794 1196 835 1275; x_wconf 78' lang='grc' dir='ltr'><em>τῷ</em></span> <span class='ocrx_word' id='word_1_84' title='bbox 863 1195 905 1275; x_wconf 83' lang='grc' dir='ltr'><em>νῷ</em></span> <span class='ocrx_word' id='word_1_85' title='bbox 934 1188 1042 1275; x_wconf 82' lang='grc' dir='ltr'><em>μικτὸν</em></span> <span class='ocrx_word' id='word_1_86' title='bbox 1067 1184 1235 1275; x_wconf 81' lang='grc' dir='ltr'><em>ἑκάτεροι,</em></span> 
     </span>
     <span class='ocr_line' id='line_1_10' title="bbox 122 1289 1191 1385; baseline -0.004 -19"><span class='ocrx_word' id='word_1_87' title='bbox 122 1293 268 1385; x_wconf 75' lang='grc' dir='ltr'><em>ἕπείδίη’</em></span> <span class='ocrx_word' id='word_1_88' title='bbox 253 1315 269 1361; x_wconf 89' lang='lat'>6</span> <span class='ocrx_word' id='word_1_89' title='bbox 298 1305 368 1376; x_wconf 79' lang='grc' dir='ltr'><em>νοῦς</em></span> <span class='ocrx_word' id='word_1_90' title='bbox 392 1297 496 1382; x_wconf 82' lang='grc' dir='ltr'><em>μικτάς</em></span> <span class='ocrx_word' id='word_1_91' title='bbox 517 1302 549 1362; x_wconf 84' lang='grc' dir='ltr'>ἐκ</span> <span class='ocrx_word' id='word_1_92' title='bbox 570 1301 702 1381; x_wconf 74' lang='grc' dir='ltr'><em>μικτῶν·</em></span> <span class='ocrx_word' id='word_1_93' title='bbox 728 1324 764 1363; x_wconf 91' lang='grc' dir='ltr'><em>το</em></span> <span class='ocrx_word' id='word_1_94' title='bbox 754 1289 858 1362; x_wconf 50' lang='grc' dir='ltr'>’δὲ’</span> <span class='ocrx_word' id='word_1_95' title='bbox 840 1326 877 1384; x_wconf 90' lang='grc' dir='ltr'><em>ην</em></span> <span class='ocrx_word' id='word_1_96' title='bbox 890 1301 931 1380; x_wconf 81' lang='lat'>¹²)</span> <span class='ocrx_word' id='word_1_97' title='bbox 953 1300 1076 1366; x_wconf 86' lang='grc' dir='ltr'><em>πάντων</em></span> <span class='ocrx_word' id='word_1_98' title='bbox 1096 1295 1191 1366; x_wconf 84' lang='grc' dir='ltr'><em>άπλοί-</em></span> 
     </span>
     <span class='ocr_line' id='line_1_11' title="bbox 124 1401 1190 1495; baseline 0.001 -24"><span class='ocrx_word' id='word_1_99' title='bbox 124 1433 234 1472; x_wconf 87' lang='grc' dir='ltr'><em>στατον</em></span> <span class='ocrx_word' id='word_1_100' title='bbox 254 1404 360 1490; x_wconf 83' lang='grc' dir='ltr'><em>μικτὸν</em></span> <span class='ocrx_word' id='word_1_101' title='bbox 381 1411 420 1470; x_wconf 79' lang='grc' dir='ltr'>ἐκ</span> <span class='ocrx_word' id='word_1_102' title='bbox 441 1407 601 1488; x_wconf 76' lang='grc' dir='ltr'><em>μιικτῶν</em></span> <span class='ocrx_word' id='word_1_103' title='bbox 631 1401 689 1471; x_wconf 84' lang='grc' dir='ltr'>Διὸ</span> <span class='ocrx_word' id='word_1_104' title='bbox 710 1406 868 1488; x_wconf 78' lang='grc' dir='ltr'><em>μᾶλλον</em></span> <span class='ocrx_word' id='word_1_105' title='bbox 849 1435 888 1482; x_wconf 83' lang='grc' dir='ltr'>ως</span> <span class='ocrx_word' id='word_1_106' title='bbox 909 1411 942 1472; x_wconf 82' lang='lat'>666</span> <span class='ocrx_word' id='word_1_107' title='bbox 958 1417 1114 1495; x_wconf 81' lang='grc' dir='ltr'><em>στοιχείων</em></span> <span class='ocrx_word' id='word_1_108' title='bbox 1131 1435 1190 1493; x_wconf 81' lang='grc' dir='ltr'><em>ηαν-</em></span> 
     </span>
     <span class='ocr_line' id='line_1_12' title="bbox 121 1510 1190 1605; baseline 0.004 -25"><span class='ocrx_word' id='word_1_109' title='bbox 121 1513 241 1605; x_wconf 84' lang='grc' dir='ltr'><em>τάζοιτσ</em></span> <span class='ocrx_word' id='word_1_110' title='bbox 266 1517 415 1598; x_wconf 69' lang='grc' dir='ltr'><em>μεμίχθαι</em></span> <span class='ocrx_word' id='word_1_111' title='bbox 438 1513 543 1596; x_wconf 84' lang='grc' dir='ltr'><em>μόνον·</em></span> <span class='ocrx_word' id='word_1_112' title='bbox 575 1512 644 1577; x_wconf 89' lang='lat'>6666</span> <span class='ocrx_word' id='word_1_113' title='bbox 672 1510 728 1602; x_wconf 77' lang='grc' dir='ltr'>γάρ</span> <span class='ocrx_word' id='word_1_114' title='bbox 755 1516 795 1590; x_wconf 76' lang='grc' dir='ltr'>ὡς</span> <span class='ocrx_word' id='word_1_115' title='bbox 825 1521 857 1580; x_wconf 78' lang='grc' dir='ltr'>ἐκ</span> <span class='ocrx_word' id='word_1_116' title='bbox 877 1538 995 1599; x_wconf 85' lang='grc' dir='ltr'><em>μερων·</em></span> <span class='ocrx_word' id='word_1_117' title='bbox 1025 1513 1190 1602; x_wconf 73' lang='grc' dir='ltr'><em>πλείωνγάν</em></span> 
     </span>
    </p>

    <p class='ocr_par' dir='ltr' id='par_1_7' title="bbox 120 1615 1205 2363">
     <span class='ocr_line' id='line_1_13' title="bbox 122 1615 1205 1714; baseline 0.001 -25"><span class='ocrx_word' id='word_1_118' title='bbox 122 1626 138 1689; x_wconf 86' lang='grc' dir='ltr'>ὁ</span> <span class='ocrx_word' id='word_1_119' title='bbox 161 1629 221 1690; x_wconf 79' lang='grc' dir='ltr'>τῶν</span> <span class='ocrx_word' id='word_1_120' title='bbox 234 1627 332 1709; x_wconf 76' lang='grc' dir='ltr'><em>μερῶν</em></span> <span class='ocrx_word' id='word_1_121' title='bbox 344 1617 502 1707; x_wconf 83' lang='grc' dir='ltr'><em>μερισμός</em></span> <span class='ocrx_word' id='word_1_122' title='bbox 524 1627 555 1688; x_wconf 81' lang='lat'>6&#39;6</span> <span class='ocrx_word' id='word_1_123' title='bbox 571 1615 775 1689; x_wconf 79' lang='grc' dir='ltr'><em>διαστάσει</em></span> <span class='ocrx_word' id='word_1_124' title='bbox 743 1649 798 1708; x_wconf 74' lang='grc' dir='ltr'><em>γαρ</em></span> <span class='ocrx_word' id='word_1_125' title='bbox 820 1622 857 1688; x_wconf 86' lang='grc' dir='ltr'><em>τά</em></span> <span class='ocrx_word' id='word_1_126' title='bbox 879 1631 953 1710; x_wconf 85' lang='grc' dir='ltr'><em>μέρη</em></span> <span class='ocrx_word' id='word_1_127' title='bbox 976 1625 1055 1711; x_wconf 80' lang='grc' dir='ltr'><em>πρὸς</em></span> <span class='ocrx_word' id='word_1_128' title='bbox 1075 1627 1205 1714; x_wconf 81' lang='grc' dir='ltr'><em>άλληλα</em></span> 
     </span>
     <span class='ocr_line' id='line_1_14' title="bbox 122 1730 1189 1825; baseline 0.002 -29"><span class='ocrx_word' id='word_1_129' title='bbox 122 1762 160 1798; x_wconf 89' lang='grc' dir='ltr'>τα</span> <span class='ocrx_word' id='word_1_130' title='bbox 151 1730 220 1797; x_wconf 86' lang='lat'>66</span> <span class='ocrx_word' id='word_1_131' title='bbox 252 1745 382 1818; x_wconf 85' lang='grc' dir='ltr'><em>στοιχεῖα</em></span> <span class='ocrx_word' id='word_1_132' title='bbox 409 1736 616 1825; x_wconf 68' lang='grc' dir='ltr'><em>συνῃρῆσθαι</em></span> <span class='ocrx_word' id='word_1_133' title='bbox 630 1731 777 1816; x_wconf 74' lang='grc' dir='ltr'><em>βούλεται</em></span> <span class='ocrx_word' id='word_1_134' title='bbox 805 1738 848 1815; x_wconf 80' lang='grc' dir='ltr'>μά</span> <span class='ocrx_word' id='word_1_135' title='bbox 849 1733 921 1799; x_wconf 91' lang='grc' dir='ltr'><em>λλον</em></span> <span class='ocrx_word' id='word_1_136' title='bbox 946 1762 997 1799; x_wconf 87' lang='grc' dir='ltr'><em>και</em></span> <span class='ocrx_word' id='word_1_137' title='bbox 989 1737 1085 1800; x_wconf 76' lang='grc' dir='ltr'><em>οἷον</em></span> <span class='ocrx_word' id='word_1_138' title='bbox 1105 1760 1189 1820; x_wconf 86' lang='grc' dir='ltr'><em>συμιε-</em></span> 
     </span>
     <span class='ocr_line' id='line_1_15' title="bbox 121 1837 1188 1970; baseline 0 -65"><span class='ocrx_word' id='word_1_139' title='bbox 121 1837 247 1970; x_wconf 69' lang='grc' dir='ltr'><em>χάσθαι,</em></span> <span class='ocrx_word' id='word_1_140' title='bbox 269 1840 311 1968; x_wconf 79' lang='grc' dir='ltr'>μή</span> <span class='ocrx_word' id='word_1_141' title='bbox 331 1844 574 1933; x_wconf 83' lang='grc' dir='ltr'><em>προφαινομένης</em></span> <span class='ocrx_word' id='word_1_142' title='bbox 596 1837 723 1904; x_wconf 79' lang='grc' dir='ltr'><em>ἑκάστου</em></span> <span class='ocrx_word' id='word_1_143' title='bbox 744 1844 776 1903; x_wconf 83' lang='grc' dir='ltr'><em>ἐν</em></span> <span class='ocrx_word' id='word_1_144' title='bbox 797 1846 838 1923; x_wconf 83' lang='grc' dir='ltr'><em>τῷ</em></span> <span class='ocrx_word' id='word_1_145' title='bbox 859 1847 954 1926; x_wconf 83' lang='grc' dir='ltr'><em>μικτῴ</em></span> <span class='ocrx_word' id='word_1_146' title='bbox 971 1843 1029 1926; x_wconf 76' lang='grc' dir='ltr'><em>της</em></span> <span class='ocrx_word' id='word_1_147' title='bbox 1052 1843 1188 1969; x_wconf 71' lang='grc' dir='ltr'><em>ίδιότητοη.</em></span> 
     </span>
     <span class='ocr_line' id='line_1_16' title="bbox 123 1943 1188 2035; baseline -0.003 -21"><span class='ocrx_word' id='word_1_148' title='bbox 123 1945 221 2035; x_wconf 80' lang='grc' dir='ltr'><em>ὥσπερ</em></span> <span class='ocrx_word' id='word_1_149' title='bbox 248 1980 285 2014; x_wconf 89' lang='grc' dir='ltr'>τα</span> <span class='ocrx_word' id='word_1_150' title='bbox 276 1946 378 2032; x_wconf 83' lang='grc' dir='ltr'><em>εἴδη</em></span> <span class='ocrx_word' id='word_1_151' title='bbox 410 1943 444 2012; x_wconf 86' lang='grc' dir='ltr'><em>τδ</em></span> <span class='ocrx_word' id='word_1_152' title='bbox 470 1952 603 2012; x_wconf 79' lang='grc' dir='ltr'><em>ἐναντίον</em></span> <span class='ocrx_word' id='word_1_153' title='bbox 631 1958 730 2021; x_wconf 85' lang='grc' dir='ltr'><em>ποιεῖ,</em></span> <span class='ocrx_word' id='word_1_154' title='bbox 765 1951 944 2032; x_wconf 75' lang='grc' dir='ltr'><em>περιγράφει</em></span> <span class='ocrx_word' id='word_1_155' title='bbox 972 1955 1100 2016; x_wconf 82' lang='grc' dir='ltr'><em>ἕκαστον</em></span> <span class='ocrx_word' id='word_1_156' title='bbox 1120 1943 1188 2016; x_wconf 81' lang='grc' dir='ltr'><em>έαντί</em></span> 
     </span>
     <span class='ocr_line' id='line_1_17' title="bbox 122 2052 1189 2186; baseline -0.005 -63"><span class='ocrx_word' id='word_1_157' title='bbox 122 2055 199 2123; x_wconf 85' lang='lat'>6666</span> <span class='ocrx_word' id='word_1_158' title='bbox 224 2053 279 2140; x_wconf 77' lang='grc' dir='ltr'>τὴν</span> <span class='ocrx_word' id='word_1_159' title='bbox 304 2061 417 2122; x_wconf 76' lang='grc' dir='ltr'><em>ἑαυτοῦ</em></span> <span class='ocrx_word' id='word_1_160' title='bbox 444 2053 573 2140; x_wconf 75' lang='grc' dir='ltr'><em>μορφήν.</em></span> <span class='ocrx_word' id='word_1_161' title='bbox 603 2052 640 2118; x_wconf 88' lang='grc' dir='ltr'><em>τά</em></span> <span class='ocrx_word' id='word_1_162' title='bbox 669 2054 736 2138; x_wconf 76' lang='grc' dir='ltr'>δέμ</span> <span class='ocrx_word' id='word_1_163' title='bbox 725 2059 800 2142; x_wconf 87' lang='grc' dir='ltr'><em>μέρη</em></span> <span class='ocrx_word' id='word_1_164' title='bbox 822 2061 919 2139; x_wconf 82' lang='grc' dir='ltr'><em>μέσως</em></span> <span class='ocrx_word' id='word_1_165' title='bbox 941 2061 1016 2144; x_wconf 73' lang='grc' dir='ltr'><em>ἔχει·</em></span> <span class='ocrx_word' id='word_1_166' title='bbox 1038 2060 1189 2186; x_wconf 80' lang='grc' dir='ltr'><em>μεμέριοτρι</em></span> 
     </span>
     <span class='ocr_line' id='line_1_18' title="bbox 123 2162 1189 2253; baseline -0.005 -20"><span class='ocrx_word' id='word_1_167' title='bbox 123 2165 331 2253; x_wconf 68' lang='lat'>66613),666</span> <span class='ocrx_word' id='word_1_168' title='bbox 359 2168 410 2231; x_wconf 85' lang='lat'>666</span> <span class='ocrx_word' id='word_1_169' title='bbox 436 2170 512 2251; x_wconf 87' lang='grc' dir='ltr'><em>μέρη</em></span> <span class='ocrx_word' id='word_1_170' title='bbox 538 2164 688 2230; x_wconf 83' lang='lat'>66666666·</span> <span class='ocrx_word' id='word_1_171' title='bbox 723 2163 867 2230; x_wconf 84' lang='grc' dir='ltr'><em>άιαλύειν</em></span> <span class='ocrx_word' id='word_1_172' title='bbox 894 2166 928 2231; x_wconf 91' lang='lat'>66</span> <span class='ocrx_word' id='word_1_173' title='bbox 956 2163 1125 2234; x_wconf 78' lang='grc' dir='ltr'><em>ἐσπούδακε</em></span> <span class='ocrx_word' id='word_1_174' title='bbox 1149 2162 1189 2232; x_wconf 84' lang='lat'>666</span> 
     </span>
     <span class='ocr_line' id='line_1_19' title="bbox 120 2266 755 2370; baseline -0.006 -30"><span class='ocrx_word' id='word_1_175' title='bbox 120 2274 262 2363; x_wconf 77' lang='grc' dir='ltr'><em>μερισμὸν</em></span> <span class='ocrx_word' id='word_1_176' title='bbox 283 2279 321 2370; x_wconf 71' lang='grc' dir='ltr'><em>τῇ</em></span> <span class='ocrx_word' id='word_1_177' title='bbox 342 2273 417 2361; x_wconf 81' lang='grc' dir='ltr'><em>πρὸς</em></span> <span class='ocrx_word' id='word_1_178' title='bbox 437 2269 473 2338; x_wconf 84' lang='grc' dir='ltr'><em>τά</em></span> <span class='ocrx_word' id='word_1_179' title='bbox 495 2266 603 2338; x_wconf 85' lang='lat'>6666&#39;</span> <span class='ocrx_word' id='word_1_180' title='bbox 587 2270 755 2338; x_wconf 85' lang='lat'>666666666.</span> 
     </span>
    </p>
   </div>
   <div class='ocr_carea' id='block_1_7' title="bbox 77 2405 1235 3253">
    <p class='ocr_par' dir='ltr' id='par_1_8' title="bbox 77 2405 1192 3253">
     <span class='ocr_line' id='line_1_20' title="bbox 204 2405 1189 2500; baseline -0.006 -22"><span class='ocrx_word' id='word_1_181' title='bbox 204 2409 295 2479; x_wconf 80' lang='grc' dir='ltr'><em>Κατὰ</em></span> <span class='ocrx_word' id='word_1_182' title='bbox 321 2406 460 2496; x_wconf 66' lang='lat' dir='ltr'>66766m</span> <span class='ocrx_word' id='word_1_183' title='bbox 439 2435 498 2490; x_wconf 89' lang='grc' dir='ltr'>αρα</span> <span class='ocrx_word' id='word_1_184' title='bbox 519 2405 557 2473; x_wconf 88' lang='grc' dir='ltr'><em>τά</em></span> <span class='ocrx_word' id='word_1_185' title='bbox 577 2410 631 2490; x_wconf 82' lang='grc' dir='ltr'><em>μὲν</em></span> <span class='ocrx_word' id='word_1_186' title='bbox 653 2407 753 2492; x_wconf 80' lang='grc' dir='ltr'><em>εἴδη</em></span> <span class='ocrx_word' id='word_1_187' title='bbox 739 2433 771 2471; x_wconf 89' lang='lat'>66</span> <span class='ocrx_word' id='word_1_188' title='bbox 792 2411 830 2499; x_wconf 72' lang='grc' dir='ltr'><em>τῇ</em></span> <span class='ocrx_word' id='word_1_189' title='bbox 850 2414 935 2500; x_wconf 88' lang='grc' dir='ltr'><em>τρίτη</em></span> <span class='ocrx_word' id='word_1_190' title='bbox 959 2406 1044 2485; x_wconf 82' lang='grc' dir='ltr'><em>τάξει</em></span> <span class='ocrx_word' id='word_1_191' title='bbox 1064 2414 1118 2474; x_wconf 84' lang='grc' dir='ltr'><em>τοῦ</em></span> <span class='ocrx_word' id='word_1_192' title='bbox 1136 2432 1189 2488; x_wconf 77' lang='grc' dir='ltr'><em>νοη</em></span> 
     </span>
     <span class='ocr_line' id='line_1_21' title="bbox 121 2511 1190 2609; baseline -0.01 -24"><span class='ocrx_word' id='word_1_193' title='bbox 121 2523 176 2585; x_wconf 89' lang='lat'>666</span> <span class='ocrx_word' id='word_1_194' title='bbox 205 2519 445 2602; x_wconf 64' lang='lat'>66666&#39;66626616),</span> <span class='ocrx_word' id='word_1_195' title='bbox 472 2511 508 2578; x_wconf 86' lang='lat'>66</span> <span class='ocrx_word' id='word_1_196' title='bbox 539 2515 571 2578; x_wconf 86' lang='lat'>66.</span> <span class='ocrx_word' id='word_1_197' title='bbox 592 2542 666 2599; x_wconf 85' lang='grc' dir='ltr'><em>μερη</em></span> <span class='ocrx_word' id='word_1_198' title='bbox 690 2519 722 2578; x_wconf 82' lang='grc' dir='ltr'><em>ἒν</em></span> <span class='ocrx_word' id='word_1_199' title='bbox 743 2521 778 2608; x_wconf 71' lang='grc' dir='ltr'><em>τῇ</em></span> <span class='ocrx_word' id='word_1_200' title='bbox 800 2516 887 2609; x_wconf 85' lang='grc' dir='ltr'><em>μέση,</em></span> <span class='ocrx_word' id='word_1_201' title='bbox 909 2514 1002 2580; x_wconf 85' lang='lat'>6666</span> <span class='ocrx_word' id='word_1_202' title='bbox 1023 2530 1149 2602; x_wconf 84' lang='grc' dir='ltr'><em>στοιχεῖα</em></span> <span class='ocrx_word' id='word_1_203' title='bbox 1167 2516 1190 2576; x_wconf 82' lang='lat'>6²6</span> 
     </span>
     <span class='ocr_line' id='line_1_22' title="bbox 77 2617 1190 2724; baseline -0.008 -30"><span class='ocrx_word' id='word_1_204' title='bbox 77 2668 80 2687; x_wconf 70' lang='grc' dir='ltr'><em>ι</em></span> <span class='ocrx_word' id='word_1_205' title='bbox 120 2633 158 2724; x_wconf 74' lang='lat'>66</span> <span class='ocrx_word' id='word_1_206' title='bbox 180 2626 332 2713; x_wconf 82' lang='grc' dir='ltr'><em>άκρότητι,</em></span> <span class='ocrx_word' id='word_1_207' title='bbox 354 2631 384 2691; x_wconf 87' lang='grc' dir='ltr'><em>έν</em></span> <span class='ocrx_word' id='word_1_208' title='bbox 406 2655 423 2718; x_wconf 84' lang='grc' dir='ltr'><em>η</em></span> <span class='ocrx_word' id='word_1_209' title='bbox 415 2617 534 2688; x_wconf 75' lang='grc' dir='ltr'><em>οὐδὲν</em></span> <span class='ocrx_word' id='word_1_210' title='bbox 554 2623 634 2688; x_wconf 88' lang='lat'>66666</span> <span class='ocrx_word' id='word_1_211' title='bbox 656 2624 784 2697; x_wconf 83' lang='grc' dir='ltr'><em>οὐδενός</em></span> <span class='ocrx_word' id='word_1_212' title='bbox 805 2622 1030 2707; x_wconf 62' lang='lat'>(6666‘66966666</span> <span class='ocrx_word' id='word_1_213' title='bbox 1013 2654 1051 2700; x_wconf 80' lang='grc' dir='ltr'>ως</span> <span class='ocrx_word' id='word_1_214' title='bbox 1072 2625 1190 2698; x_wconf 72' lang='grc' dir='ltr'><em>άληθῶς,</em></span> 
     </span>
     <span class='ocr_line' id='line_1_23' title="bbox 120 2729 1188 2816; baseline -0.009 -12.639"><span class='ocrx_word' id='word_1_215' title='bbox 120 2733 199 2803; x_wconf 82' lang='lat'>6666</span> <span class='ocrx_word' id='word_1_216' title='bbox 227 2740 434 2801; x_wconf 84' lang='grc' dir='ltr'><em>καταπέποται</em></span> <span class='ocrx_word' id='word_1_217' title='bbox 463 2729 562 2798; x_wconf 88' lang='grc' dir='ltr'><em>πάντα</em></span> <span class='ocrx_word' id='word_1_218' title='bbox 590 2729 653 2797; x_wconf 86' lang='lat'>6666</span> <span class='ocrx_word' id='word_1_219' title='bbox 681 2759 737 2814; x_wconf 83' lang='grc' dir='ltr'><em>της</em></span> <span class='ocrx_word' id='word_1_220' title='bbox 757 2736 817 2797; x_wconf 88' lang='grc' dir='ltr'><em>τοῦ</em></span> <span class='ocrx_word' id='word_1_221' title='bbox 836 2739 945 2816; x_wconf 85' lang='grc' dir='ltr'><em>μικτοῦ</em></span> <span class='ocrx_word' id='word_1_222' title='bbox 968 2739 1038 2814; x_wconf 75' lang='grc' dir='ltr'><em>μιᾶς</em></span> <span class='ocrx_word' id='word_1_223' title='bbox 1069 2732 1188 2804; x_wconf 81' lang='grc' dir='ltr'><em>ἑνοίσεας</em></span> 
     </span>
     <span class='ocr_line' id='line_1_24' title="bbox 120 2837 1190 2926; baseline -0.01 -15"><span class='ocrx_word' id='word_1_224' title='bbox 120 2847 185 2911; x_wconf 85' lang='lat'>6666</span> <span class='ocrx_word' id='word_1_225' title='bbox 215 2842 345 2910; x_wconf 80' lang='grc' dir='ltr'><em>οὐδὲ</em></span> <span class='ocrx_word' id='word_1_226' title='bbox 312 2873 348 2909; x_wconf 90' lang='grc' dir='ltr'>τα</span> <span class='ocrx_word' id='word_1_227' title='bbox 377 2843 472 2907; x_wconf 85' lang='grc' dir='ltr'><em>πλείω</em></span> <span class='ocrx_word' id='word_1_228' title='bbox 502 2853 632 2926; x_wconf 82' lang='grc' dir='ltr'><em>στοιχεῖα</em></span> <span class='ocrx_word' id='word_1_229' title='bbox 661 2844 722 2905; x_wconf 82' lang='lat'>6666</span> <span class='ocrx_word' id='word_1_230' title='bbox 747 2869 794 2905; x_wconf 91' lang='grc' dir='ltr'>πω</span> <span class='ocrx_word' id='word_1_231' title='bbox 816 2839 1002 2926; x_wconf 70' lang='grc' dir='ltr'><em>διακέκριται</em></span> <span class='ocrx_word' id='word_1_232' title='bbox 1018 2843 1102 2924; x_wconf 81' lang='lat'>¹⁵)</span> <span class='ocrx_word' id='word_1_233' title='bbox 1082 2871 1119 2918; x_wconf 85' lang='grc' dir='ltr'>ως</span> <span class='ocrx_word' id='word_1_234' title='bbox 1137 2837 1190 2905; x_wconf 86' lang='lat'>6666</span> 
     </span>
     <span class='ocr_line' id='line_1_25' title="bbox 121 2945 1190 3034; baseline -0.003 -16"><span class='ocrx_word' id='word_1_235' title='bbox 121 2981 172 3018; x_wconf 79' lang='grc' dir='ltr'><em>νισι</em></span> <span class='ocrx_word' id='word_1_236' title='bbox 164 2954 277 3030; x_wconf 91' lang='grc' dir='ltr'><em>τοδί,</em></span> <span class='ocrx_word' id='word_1_237' title='bbox 305 2951 414 3016; x_wconf 74' lang='grc' dir='ltr'><em>ἀλλ’</em></span> <span class='ocrx_word' id='word_1_238' title='bbox 397 2979 436 3024; x_wconf 85' lang='grc' dir='ltr'>ως</span> <span class='ocrx_word' id='word_1_239' title='bbox 460 2953 494 3014; x_wconf 88' lang='lat'>66</span> <span class='ocrx_word' id='word_1_240' title='bbox 521 2951 561 3033; x_wconf 77' lang='grc' dir='ltr'><em>τῷ</em></span> <span class='ocrx_word' id='word_1_241' title='bbox 589 2947 692 3032; x_wconf 88' lang='grc' dir='ltr'><em>πάντη</em></span> <span class='ocrx_word' id='word_1_242' title='bbox 720 2948 859 3032; x_wconf 68' lang='grc' dir='ltr'><em>ἡνωμένην</em></span> <span class='ocrx_word' id='word_1_243' title='bbox 885 2945 919 3013; x_wconf 87' lang='grc' dir='ltr'><em>τδ</em></span> <span class='ocrx_word' id='word_1_244' title='bbox 950 2949 1164 3034; x_wconf 76' lang='grc' dir='ltr'><em>πληθοειδί</em></span> <span class='ocrx_word' id='word_1_245' title='bbox 1108 2973 1190 3026; x_wconf 78' lang='lat'>666·</span> 
     </span>
     <span class='ocr_line' id='line_1_26' title="bbox 120 3053 1235 3185; baseline -0.009 -60"><span class='ocrx_word' id='word_1_246' title='bbox 120 3060 300 3144; x_wconf 75' lang='grc' dir='ltr'><em>φαντάζεται</em></span> <span class='ocrx_word' id='word_1_247' title='bbox 322 3055 426 3123; x_wconf 78' lang='grc' dir='ltr'><em>διά“</em></span> <span class='ocrx_word' id='word_1_248' title='bbox 393 3084 449 3143; x_wconf 89' lang='grc' dir='ltr'>την</span> <span class='ocrx_word' id='word_1_249' title='bbox 469 3053 626 3185; x_wconf 79' lang='grc' dir='ltr'><em>ἁπλότητα</em></span> <span class='ocrx_word' id='word_1_250' title='bbox 647 3059 703 3120; x_wconf 83' lang='grc' dir='ltr'><em>τοῦ</em></span> <span class='ocrx_word' id='word_1_251' title='bbox 724 3059 848 3138; x_wconf 81' lang='grc' dir='ltr'><em>πρώτου</em></span> <span class='ocrx_word' id='word_1_252' title='bbox 869 3061 985 3140; x_wconf 82' lang='grc' dir='ltr'><em>μικτοῦ.</em></span> <span class='ocrx_word' id='word_1_253' title='bbox 1010 3057 1069 3122; x_wconf 90' lang='grc' dir='ltr'><em>πολ</em></span> <span class='ocrx_word' id='word_1_254' title='bbox 1073 3057 1089 3123; x_wconf 90' lang='lat'>6</span> <span class='ocrx_word' id='word_1_255' title='bbox 1110 3053 1235 3143; x_wconf 76' lang='grc' dir='ltr'><em>γάρτι</em></span> 
     </span>
     <span class='ocr_line' id='line_1_27' title="bbox 119 3158 1189 3253; baseline -0.006 -21"><span class='ocrx_word' id='word_1_256' title='bbox 119 3167 233 3253; x_wconf 80' lang='grc' dir='ltr'><em>μόνον,</em></span> <span class='ocrx_word' id='word_1_257' title='bbox 254 3166 380 3232; x_wconf 86' lang='grc' dir='ltr'><em>άλλόυ</em></span> <span class='ocrx_word' id='word_1_258' title='bbox 401 3167 496 3231; x_wconf 88' lang='grc' dir='ltr'><em>πλείω</em></span> <span class='ocrx_word' id='word_1_259' title='bbox 516 3161 636 3243; x_wconf 88' lang='grc' dir='ltr'><em>τινά,ο</em></span> <span class='ocrx_word' id='word_1_260' title='bbox 621 3164 685 3228; x_wconf 81' lang='grc' dir='ltr'><em>οῖον</em></span> <span class='ocrx_word' id='word_1_261' title='bbox 707 3169 739 3227; x_wconf 81' lang='grc' dir='ltr'><em>έν</em></span> <span class='ocrx_word' id='word_1_262' title='bbox 760 3158 843 3250; x_wconf 71' lang='grc' dir='ltr'><em>ὕδωρ</em></span> <span class='ocrx_word' id='word_1_263' title='bbox 864 3190 905 3229; x_wconf 92' lang='grc' dir='ltr'>πο</span> <span class='ocrx_word' id='word_1_264' title='bbox 908 3162 1118 3250; x_wconf 85' lang='grc' dir='ltr'><em>λοδιάιιριτσν</em></span> <span class='ocrx_word' id='word_1_265' title='bbox 1139 3189 1189 3229; x_wconf 83' lang='grc' dir='ltr'><em>τοι·</em></span> 
     </span>
    </p>
   </div>
   <div class='ocr_carea' id='block_1_8' title="bbox 121 3267 1235 3369">
    <p class='ocr_par' dir='ltr' id='par_1_9' title="bbox 121 3267 1235 3369">
     <span class='ocr_line' id='line_1_28' title="bbox 121 3267 1235 3369; baseline -0.007 -25"><span class='ocrx_word' id='word_1_266' title='bbox 121 3285 191 3344; x_wconf 78' lang='grc' dir='ltr'><em>οὖτα</em></span> <span class='ocrx_word' id='word_1_267' title='bbox 213 3273 285 3344; x_wconf 91' lang='lat'>66</span> <span class='ocrx_word' id='word_1_268' title='bbox 269 3301 301 3342; x_wconf 86' lang='lat'>66</span> <span class='ocrx_word' id='word_1_269' title='bbox 322 3273 357 3342; x_wconf 82' lang='lat'>66</span> <span class='ocrx_word' id='word_1_270' title='bbox 379 3279 440 3341; x_wconf 78' lang='grc' dir='ltr'><em>ἐκεῖ</em></span> <span class='ocrx_word' id='word_1_271' title='bbox 460 3267 622 3358; x_wconf 77' lang='grc' dir='ltr'><em>πληθος’</em></span> <span class='ocrx_word' id='word_1_272' title='bbox 606 3301 684 3355; x_wconf 85' lang='grc' dir='ltr'><em>ομως</em></span> <span class='ocrx_word' id='word_1_273' title='bbox 704 3275 754 3340; x_wconf 84' lang='grc' dir='ltr'><em>καί</em></span> <span class='ocrx_word' id='word_1_274' title='bbox 774 3277 867 3339; x_wconf 83' lang='grc' dir='ltr'><em>τοῦτο</em></span> <span class='ocrx_word' id='word_1_275' title='bbox 887 3276 1054 3369; x_wconf 81' lang='grc' dir='ltr'><em>συνήρηται</em></span> <span class='ocrx_word' id='word_1_276' title='bbox 1067 3278 1116 3341; x_wconf 85' lang='lat'>666</span> <span class='ocrx_word' id='word_1_277' title='bbox 1130 3275 1235 3339; x_wconf 83' lang='lat'>666·</span> 
     </span>
    </p>
   </div>
   <div class='ocr_carea' id='block_1_9' title="bbox 61 3376 609 3478">
    <p class='ocr_par' dir='ltr' id='par_1_10' title="bbox 61 3376 609 3478">
     <span class='ocr_line' id='line_1_29' title="bbox 61 3376 609 3478; baseline -0.011 -25"><span class='ocrx_word' id='word_1_278' title='bbox 61 3379 68 3393; x_wconf 53' lang='grc'><strong>’</strong></span> <span class='ocrx_word' id='word_1_279' title='bbox 119 3388 285 3470; x_wconf 70' lang='grc' dir='ltr'><em>κέκρυπται</em></span> <span class='ocrx_word' id='word_1_280' title='bbox 306 3413 341 3478; x_wconf 81' lang='grc' dir='ltr'><em>τη</em></span> <span class='ocrx_word' id='word_1_281' title='bbox 364 3376 468 3450; x_wconf 83' lang='lat'>6666666</span> <span class='ocrx_word' id='word_1_282' title='bbox 489 3383 609 3448; x_wconf 81' lang='grc' dir='ltr'><em>τούτου</em></span> 
     </span>
    </p>
   </div>
   <div class='ocr_carea' id='block_1_10' title="bbox 206 3478 1192 3576">
    <p class='ocr_par' dir='ltr' id='par_1_11' title="bbox 206 3478 1235 3576">
     <span class='ocr_line' id='line_1_30' title="bbox 206 3478 1192 3576; baseline -0.01 -17"><span class='ocrx_word' id='word_1_283' title='bbox 206 3494 271 3560; x_wconf 88' lang='lat'>0666</span> <span class='ocrx_word' id='word_1_284' title='bbox 297 3491 353 3576; x_wconf 75' lang='lat'>666</span> <span class='ocrx_word' id='word_1_285' title='bbox 380 3488 436 3556; x_wconf 90' lang='lat'>666</span> <span class='ocrx_word' id='word_1_286' title='bbox 462 3489 649 3576; x_wconf 81' lang='grc' dir='ltr'><em>πληρώματα</em></span> <span class='ocrx_word' id='word_1_287' title='bbox 674 3493 728 3553; x_wconf 83' lang='grc' dir='ltr'><em>τοῦ</em></span> <span class='ocrx_word' id='word_1_288' title='bbox 749 3494 873 3571; x_wconf 84' lang='grc' dir='ltr'><em>μικτοῦ,</em></span> <span class='ocrx_word' id='word_1_289' title='bbox 895 3488 930 3554; x_wconf 88' lang='grc' dir='ltr'>τὸ</span> <span class='ocrx_word' id='word_1_290' title='bbox 954 3490 1010 3571; x_wconf 82' lang='grc' dir='ltr'><em>μὲν</em></span> <span class='ocrx_word' id='word_1_291' title='bbox 1032 3499 1126 3574; x_wconf 75' lang='grc' dir='ltr'><em>ἔνωμα</em></span> <span class='ocrx_word' id='word_1_292' title='bbox 1135 3539 1143 3568; x_wconf 91' lang='grc'><strong><em>,</em></strong></span> <span class='ocrx_word' id='word_1_293' title='bbox 1165 3478 1192 3550; x_wconf 87' lang='lat'>66</span> 
     </span>
    </p>
   </div>
   <div class='ocr_carea' id='block_1_11' title="bbox 120 3589 1191 3686">
    <p class='ocr_par' dir='ltr' id='par_1_12' title="bbox 120 3586 1235 3693">
     <span class='ocr_line' id='line_1_31' title="bbox 120 3589 1191 3686; baseline -0.009 -15"><span class='ocrx_word' id='word_1_294' title='bbox 120 3597 154 3671; x_wconf 87' lang='lat'>66</span> <span class='ocrx_word' id='word_1_295' title='bbox 181 3601 344 3686; x_wconf 87' lang='grc' dir='ltr'><em>διάκριμα,</em></span> <span class='ocrx_word' id='word_1_296' title='bbox 365 3599 507 3684; x_wconf 71' lang='grc' dir='ltr'><em>ααθάπέρ</em></span> <span class='ocrx_word' id='word_1_297' title='bbox 526 3604 557 3663; x_wconf 80' lang='grc' dir='ltr'><em>ἐν</em></span> <span class='ocrx_word' id='word_1_298' title='bbox 578 3602 636 3681; x_wconf 79' lang='grc' dir='ltr'><em>νῷ·</em></span> <span class='ocrx_word' id='word_1_299' title='bbox 667 3594 743 3662; x_wconf 82' lang='lat'>6666</span> <span class='ocrx_word' id='word_1_300' title='bbox 766 3599 816 3662; x_wconf 85' lang='grc' dir='ltr'><em>καὶ</em></span> <span class='ocrx_word' id='word_1_301' title='bbox 833 3598 869 3679; x_wconf 85' lang='lat'>¹⁶)</span> <span class='ocrx_word' id='word_1_302' title='bbox 892 3594 928 3662; x_wconf 85' lang='lat'>66</span> <span class='ocrx_word' id='word_1_303' title='bbox 950 3589 1024 3665; x_wconf 86' lang='lat'>6666</span> <span class='ocrx_word' id='word_1_304' title='bbox 1043 3598 1134 3684; x_wconf 87' lang='grc' dir='ltr'><em>μόνον</em></span> <span class='ocrx_word' id='word_1_305' title='bbox 1152 3594 1191 3662; x_wconf 84' lang='lat'>666</span> 
     </span>
    </p>
   </div>
   <div class='ocr_carea' id='block_1_12' title="bbox 119 3784 1192 3953">
    <p class='ocr_par' dir='ltr' id='par_1_13' title="bbox 119 3784 1192 3939">
     <span class='ocr_line' id='line_1_32' title="bbox 194 3784 1189 3864; baseline -0.013 -15"><span class='ocrx_word' id='word_1_306' title='bbox 194 3803 238 3863; x_wconf 76' lang='grc' dir='ltr'>ιτ)</span> <span class='ocrx_word' id='word_1_307' title='bbox 259 3799 333 3850; x_wconf 87' lang='lat' dir='ltr'>Mon.</span> <span class='ocrx_word' id='word_1_308' title='bbox 354 3795 498 3848; x_wconf 75' lang='grc' dir='ltr'><em>πέττουσι</em></span> <span class='ocrx_word' id='word_1_309' title='bbox 519 3784 545 3844; x_wconf 72' lang='grc' dir='ltr'>ίκ</span> <span class='ocrx_word' id='word_1_310' title='bbox 562 3797 660 3864; x_wconf 79' lang='grc' dir='ltr'><em>μικτιῖιν</em></span> <span class='ocrx_word' id='word_1_311' title='bbox 679 3793 782 3853; x_wconf 73' lang='lat' dir='ltr'>omisit,</span> <span class='ocrx_word' id='word_1_312' title='bbox 819 3809 877 3862; x_wconf 68' lang='lat' dir='ltr'>qum</span> <span class='ocrx_word' id='word_1_313' title='bbox 898 3802 1035 3858; x_wconf 74' lang='lat' dir='ltr'>postrema</span> <span class='ocrx_word' id='word_1_314' title='bbox 1053 3791 1108 3842; x_wconf 89' lang='lat' dir='ltr'>duo</span> <span class='ocrx_word' id='word_1_315' title='bbox 1126 3798 1189 3838; x_wconf 78' lang='grc' dir='ltr'><em>νοσε-</em></span> 
     </span>
     <span class='ocr_line' id='line_1_33' title="bbox 119 3859 1192 3953; baseline -0.01 -31"><span class='ocrx_word' id='word_1_316' title='bbox 119 3890 150 3922; x_wconf 86' lang='lat' dir='ltr'>6x</span> <span class='ocrx_word' id='word_1_317' title='bbox 169 3871 291 3953; x_wconf 79' lang='lat' dir='ltr'>proxime</span> <span class='ocrx_word' id='word_1_318' title='bbox 303 3866 524 3948; x_wconf 70' lang='lat' dir='ltr'>pr6cedentibt66</span> <span class='ocrx_word' id='word_1_319' title='bbox 544 3867 656 3933; x_wconf 74' lang='lat' dir='ltr'>repetita</span> <span class='ocrx_word' id='word_1_320' title='bbox 676 3859 1192 3947; x_wconf 53' lang='lat' dir='ltr'>sunt.P0666666066616616666666</span> 
     </span>
    </p>
   </div>
   <div class='ocr_carea' id='block_1_13' title="bbox 119 3927 1235 4035">
    <p class='ocr_par' dir='ltr' id='par_1_14' title="bbox 119 3927 1235 4035">
     <span class='ocr_line' id='line_1_34' title="bbox 119 3927 1235 4035; baseline -0.018 -43"><span class='ocrx_word' id='word_1_321' title='bbox 119 3939 219 3991; x_wconf 69' lang='grc' dir='ltr'><em>ἰαίνεται</em></span> <span class='ocrx_word' id='word_1_322' title='bbox 239 3938 269 3988; x_wconf 85' lang='grc' dir='ltr'>ίο</span> <span class='ocrx_word' id='word_1_323' title='bbox 288 3938 309 3986; x_wconf 82' lang='lat' dir='ltr'>si</span> <span class='ocrx_word' id='word_1_324' title='bbox 330 3939 379 3985; x_wconf 83' lang='lat' dir='ltr'>vis</span> <span class='ocrx_word' id='word_1_325' title='bbox 402 3965 433 3974; x_wconf 51' lang='grc' dir='ltr'><strong><em>κ</em></strong></span> <span class='ocrx_word' id='word_1_326' title='bbox 458 3933 515 3996; x_wconf 81' lang='lat'>¹65)</span> <span class='ocrx_word' id='word_1_327' title='bbox 539 3937 612 3985; x_wconf 85' lang='lat' dir='ltr'>Mon</span> <span class='ocrx_word' id='word_1_328' title='bbox 632 3953 723 4003; x_wconf 77' lang='grc' dir='ltr'><em>μεμιρ.</em></span> <span class='ocrx_word' id='word_1_329' title='bbox 742 3929 863 4000; x_wconf 74' lang='grc' dir='ltr'><em>μλνμάρ.</em></span> <span class='ocrx_word' id='word_1_330' title='bbox 887 3962 917 3970; x_wconf 92' lang='grc'>-</span> <span class='ocrx_word' id='word_1_331' title='bbox 964 3930 1124 4035; x_wconf 55' lang='lat'>1626166166.</span> <span class='ocrx_word' id='word_1_332' title='bbox 1143 3927 1191 3977; x_wconf 83' lang='grc' dir='ltr'>διο</span> <span class='ocrx_word' id='word_1_333' title='bbox 1232 3979 1235 3995; x_wconf 46' lang='grc' dir='ltr'>Ι</span> 
     </span>
    </p>
   </div>
   <div class='ocr_carea' id='block_1_14' title="bbox 52 3999 1192 4076">
    <p class='ocr_par' dir='ltr' id='par_1_15' title="bbox 52 3999 1192 4076">
     <span class='ocr_line' id='line_1_35' title="bbox 52 3999 1192 4076; baseline -0.016 -13"><span class='ocrx_word' id='word_1_334' title='bbox 52 4013 54 4015; x_wconf 66' lang='grc'><strong>’</strong></span> <span class='ocrx_word' id='word_1_335' title='bbox 119 4015 221 4076; x_wconf 74' lang='grc' dir='ltr'><em>πέρυτι.</em></span> <span class='ocrx_word' id='word_1_336' title='bbox 249 4007 313 4058; x_wconf 82' lang='lat' dir='ltr'>Mon</span> <span class='ocrx_word' id='word_1_337' title='bbox 349 4007 376 4056; x_wconf 89' lang='lat' dir='ltr'>in</span> <span class='ocrx_word' id='word_1_338' title='bbox 402 4021 485 4074; x_wconf 78' lang='lat' dir='ltr'><strong>marg.</strong></span> <span class='ocrx_word' id='word_1_339' title='bbox 508 4015 598 4056; x_wconf 75' lang='lat' dir='ltr'><strong>notat:</strong></span> <span class='ocrx_word' id='word_1_340' title='bbox 630 4007 662 4054; x_wconf 84' lang='lat'>666</span> <span class='ocrx_word' id='word_1_341' title='bbox 687 4005 742 4067; x_wconf 78' lang='grc' dir='ltr'><em>εἴδη</em></span> <span class='ocrx_word' id='word_1_342' title='bbox 769 4007 794 4053; x_wconf 73' lang='lat'>66</span> <span class='ocrx_word' id='word_1_343' title='bbox 789 4002 842 4072; x_wconf 78' lang='grc' dir='ltr'><em>τῆ</em></span> <span class='ocrx_word' id='word_1_344' title='bbox 862 4005 936 4072; x_wconf 84' lang='grc' dir='ltr'><em>τρίτη</em></span> <span class='ocrx_word' id='word_1_345' title='bbox 955 3999 1028 4058; x_wconf 74' lang='grc' dir='ltr'><em>τάξει</em></span> <span class='ocrx_word' id='word_1_346' title='bbox 1047 3990 1192 4062; x_wconf 74' lang='grc' dir='ltr'><em>τσυνοητοῦ</em></span> 
     </span>
    </p>
   </div>
   <div class='ocr_carea' id='block_1_15' title="bbox 120 4062 1235 4161">
    <p class='ocr_par' dir='ltr' id='par_1_16' title="bbox 120 4062 1235 4161">
     <span class='ocr_line' id='line_1_36' title="bbox 120 4062 1235 4161; baseline -0.011 -30"><span class='ocrx_word' id='word_1_347' title='bbox 120 4079 156 4132; x_wconf 82' lang='lat'>66&#39;.</span> <span class='ocrx_word' id='word_1_348' title='bbox 177 4077 256 4130; x_wconf 78' lang='lat' dir='ltr'><strong>infra.</strong></span> <span class='ocrx_word' id='word_1_349' title='bbox 293 4105 326 4115; x_wconf 94' lang='lat'>-</span> <span class='ocrx_word' id='word_1_350' title='bbox 383 4073 425 4138; x_wconf 81' lang='grc'>15)</span> <span class='ocrx_word' id='word_1_351' title='bbox 446 4079 519 4127; x_wconf 83' lang='lat' dir='ltr'>Mon</span> <span class='ocrx_word' id='word_1_352' title='bbox 538 4075 704 4161; x_wconf 80' lang='grc' dir='ltr'><em>διακρίνεται.</em></span> <span class='ocrx_word' id='word_1_353' title='bbox 741 4100 774 4110; x_wconf 95' lang='grc'>-</span> <span class='ocrx_word' id='word_1_354' title='bbox 827 4055 967 4137; x_wconf 74' lang='grc' dir='ltr'>16)Ιδειυ</span> <span class='ocrx_word' id='word_1_355' title='bbox 986 4062 1192 4122; x_wconf 71' lang='lat'>66606616’61160</span> <span class='ocrx_word' id='word_1_356' title='bbox 1219 4106 1235 4133; x_wconf 50' lang='lat'>,-</span> 
     </span>
    </p>
   </div>
   <div class='ocr_carea' id='block_1_16' title="bbox 118 4141 1007 4214">
    <p class='ocr_par' dir='ltr' id='par_1_17' title="bbox 118 4141 1007 4214">
     <span class='ocr_line' id='line_1_37' title="bbox 118 4141 1007 4214; baseline -0.009 -15"><span class='ocrx_word' id='word_1_357' title='bbox 118 4147 230 4200; x_wconf 74' lang='lat' dir='ltr'>inferius</span> <span class='ocrx_word' id='word_1_358' title='bbox 249 4151 285 4206; x_wconf 79' lang='grc' dir='ltr'><em>τίς</em></span> <span class='ocrx_word' id='word_1_359' title='bbox 303 4144 375 4197; x_wconf 83' lang='lat'>6666.</span> <span class='ocrx_word' id='word_1_360' title='bbox 399 4156 424 4195; x_wconf 75' lang='lat' dir='ltr'>et</span> <span class='ocrx_word' id='word_1_361' title='bbox 442 4145 557 4214; x_wconf 76' lang='lat' dir='ltr'>denique</span> <span class='ocrx_word' id='word_1_362' title='bbox 576 4143 659 4196; x_wconf 81' lang='grc' dir='ltr'><em>πάντα</em></span> <span class='ocrx_word' id='word_1_363' title='bbox 678 4155 739 4194; x_wconf 80' lang='lat' dir='ltr'>ante</span> <span class='ocrx_word' id='word_1_364' title='bbox 758 4141 828 4209; x_wconf 74' lang='grc' dir='ltr'>ὅμως</span> <span class='ocrx_word' id='word_1_365' title='bbox 845 4159 899 4196; x_wconf 82' lang='grc' dir='ltr'>σου</span> <span class='ocrx_word' id='word_1_366' title='bbox 918 4141 1007 4194; x_wconf 68' lang='lat' dir='ltr'><strong>habet</strong></span> 
     </span>
    </p>
   </div>
   <div class='ocr_carea' id='block_1_17' title="bbox 0 0 1298 4672">
    <p class='ocr_par' dir='ltr' id='par_1_18' title="bbox 0 0 1298 4672">
     <span class='ocr_line' id='line_1_38' title="bbox 0 0 1298 4672; baseline 0 1"><span class='ocrx_word' id='word_1_367' title='bbox 0 0 1298 4672; x_wconf 95' lang='lat' dir='ltr'> </span> 
     </span>
    </p>
   </div>
  </div>
 </body>
</html>
