2588 4666
1069 224 1137 284 227

58 393 107 461 διό
138 393 215 461 κατά
238 391 353 480 ταύτην
380 397 409 459 οὑ
434 394 594 461 πλεῖσται]
609 396 859 464 είδοποιοῦσι
828 424 881 465 τον
906 402 991 466 νοὺν·
1022 398 1095 465 ἔδει
1109 398 1144 465 δὲ

58 527 114 587 προ
104 498 235 631 τηςδσ
256 501 308 564 καί
333 497 389 625 τὴγ
407 498 631 585 διακεκριμένην
651 503 701 567 καὶ
717 506 986 588 περιγεγραμμένην
1005 500 1142 569 ὑπόστα-

60 630 105 672 σιν
125 607 180 701 καί
197 601 303 735 νόηριν
322 602 437 690 ταύτην
456 603 516 691 πρό
535 611 600 698 τῆς
599 633 781 737 γνωστικης
805 605 1009 694 ὀνομάζειν
989 636 1029 685 ως
1054 608 1142 694 προί-

58 740 110 800 την
130 718 177 790 είς
197 711 233 779 τά
262 711 297 780 όν
321 717 376 778 τοῦ
404 709 658 796 προελθόντος
642 720 692 780 ια’
721 716 818 783 αὐτου
805 709 1052 796 επάνοδον,’
1033 718 1086 802 αφ’
1106 709 1145 798 ἧς

57 823 108 886 καί
130 818 147 884 ὅ
168 823 242 895 νοῦς
262 819 472 908 ἐπικέκληται·
499 822 550 885 καὶ
569 817 629 905 πρὸ
659 826 715 906 τῆς
742 819 877 908 γναίσεως
900 829 944 898 εἰς
971 819 1006 891 τό
1030 821 1064 890 όν
1082 820 1143 915 ἤδη

57 922 197 1011 νεόμτνάς
217 952 250 992 τε
269 928 322 992 καί
342 921 481 992 ε’πανιάν.

131 1031 219 1108 'lawe
239 1032 272 1099 δὲ
293 1034 345 1098 καί
365 1035 479 1118 γένεσις
501 1031 586 1109 ὄντος
605 1037 657 1099 καί
680 1033 784 1111 οὐσίας
803 1036 824 1118 ἡ
843 1041 947 1120 γνῶσις
968 1037 1045 1103 εἶναι
1063 1036 1142 1124 βοά·
1196 1048 1199 1072 ²

57 1141 144 1207 λεται
166 1143 224 1224 ι3)·
252 1139 395 1205 οὑσίωται
421 1136 478 1226 γάρ
499 1144 539 1229 τῇ
557 1145 601 1216 εἰς
628 1141 664 1207 τδ
689 1138 722 1206 δν
748 1141 886 1228 διτανόδῳ
913 1140 949 1208 τό
981 1149 1144 1229 γιγνῶσκον

56 1244 137 1314 κατά
156 1244 213 1330 την
232 1247 341 1373 γνῶμιν
364 1245 400 1311 οὐ
420 1244 476 1331 τήν
494 1244 633 1376 πρώτην,
662 1246 728 1313 ἀλλ’
750 1249 815 1313 οἷον
836 1253 1011 1335 γιγνομένην
1031 1249 1142 1317 οὐσίω-

58 1376 124 1420 σιν·
151 1353 298 1436 διόπερ
284 1357 390 1429 ονοῦς
410 1349 451 1422 τά
471 1352 653 1481 πράγματα,
670 1381 745 1440 φησι
736 1353 1108 1442 καὶἏριστοτέλης
1165 1368 1167 1373 ’

136 1457 283 1528 Ἀλλά
248 1487 286 1526 τα
306 1461 360 1545 μὲν
382 1459 515 1544 ὀνόματα
530 1452 611 1537 όπως
631 1458 670 1526 άν
689 1488 735 1538 τις
752 1460 954 1594 εὐφυέστερον
966 1466 1035 1550 ἔγω,
1051 1489 1141 1552 προς-
1157 1504 1221 1562 pflg

58 1569 210 1653 αρμοζέτω
238 1579 303 1644 τοῖς
331 1565 509 1651 πράγμασιν.
550 1557 676 1632 υὈτιδ
698 1557 755 1633 οῦν
784 1567 861 1634 κατὰ
893 1595 951 1654 την
978 1576 1022 1647 είς
1046 1566 1143 1636 τδον
1110 1569 1125 1592 ”
1167 1560 1221 1623 ¹³⁶·

57 1671 242 1743 ἔπάνοδον’
227 1702 277 1742 αττ
300 1677 373 1753 νοῦς
398 1676 563 1761 ὑφέστηκε
578 1678 629 1741 καὶ
653 1704 673 1759 η
695 1681 803 1761 γνῶσις
817 1679 1040 1766 προβέβληται,
1060 1684 1142 1746 πάσα

57 1784 93 1851 δὲ
124 1782 270 1880 ἐπάνοδος
296 1787 354 1848 τοῦ
381 1780 590 1869 προελθόντος
615 1785 677 1865 ἐστὶ
706 1787 757 1850 καί
788 1784 966 1861 διαστάντος
990 1784 1066 1872 ἤδη,
1092 1787 1144 1852 καί

58 1889 111 1958 διά
132 1897 227 1957 τοῦτο
254 1890 397 1974 δεομένου
425 1896 479 1977 τῆς
506 1889 673 1970 ἐπανόδου,
701 1890 753 1956 οὐκ
778 1889 966 1977 ἇναλυοάσης
992 1893 1045 1979 τήν
1072 1891 1143 1958 διά-

59 2023 181 2079 στασιν,
202 1995 271 2065 ἀλλ’
290 1995 419 2064 αὐτότὸ
440 1995 560 2073 διεστδς
579 1991 598 2086 ᾗ
619 1998 773 2083 διέστηκεν
785 2002 836 2066 καί
852 1992 1017 2088 ᾗδιεσιάς,
1029 2004 1143 2066 ε’πάνα-
1211 1999 1212 2002 ’

60 2107 172 2193 γούοης
192 2110 235 2182 τίς
261 2108 372 2185 ἐκεῖνο,
403 2105 456 2189 άφί
486 2097 525 2171 οὐ
551 2104 653 2188 διέστη
681 2108 732 2171 καὶ
759 2101 988 2191 προελήλυθεν,
1014 2105 1145 2192 φανερόν

59 2215 111 2280 καί
130 2210 193 2280 ὐπὸ
213 2213 269 2278 τοῦ
289 2216 344 2298 τῆς
363 2209 500 2303 γνάσεως
522 2210 679 2296 ὀνόματος.

145 2324 188 2384 Τί
207 2317 241 2383 δὲ
263 2308 317 2384 οῦν
339 2318 357 2402 ἢ
380 2324 504 2403 γνῶσιςς
524 2307 582 2404 άρα
602 2315 823 2404 περιαυγασμός
843 2320 895 2384 καὶ
915 2318 979 2385 οἷον
1004 2341 1148 2401 προπομ-
1190 2371 1191 2374 ,
1226 2352 1234 2378 -.

59 2432 116 2492 πία
136 2421 235 2509 φωτός
255 2428 287 2490 ἓν
308 2428 350 2509 τῷ
373 2428 525 2509 γνωστικῷ
544 2428 605 2490 τοῦ
630 2429 784 2511 γνωστοῦς
804 2427 855 2490 καί
876 2421 935 2510 γάρ
954 2425 974 2508 ἡ
994 2425 1146 2509 αἴσθησις

61 2529 140 2600 κατά
159 2529 196 2600 τό
217 2534 373 2618 αίσθημα,
392 2535 444 2598 καί
463 2533 483 2617 ἡ
505 2540 657 2616 φαντασία
680 2529 758 2598 κατά
785 2530 837 2598 τόν
857 2532 954 2598 τόπον
981 2533 1148 2616 ὑφίσταται

63 2643 116 2707 καί
141 2640 162 2726 η
187 2639 306 2718 δόξασις
336 2641 387 2704 καί
414 2639 433 2724 ἦ
468 2638 572 2725 νόησις
592 2668 611 2726 η
634 2641 686 2725 μὲν
711 2637 789 2706 κατά
816 2639 850 2708 τά
877 2637 1041 2726 διανόημα,
1064 2635 1086 2720 ’ἦ
1113 2637 1149 2704 δὲ

63 2744 141 2815 κατά
161 2745 198 2815 τό
218 2745 362 2831 δόξασμα·
385 2744 528 2813 καθόλου
557 2755 658 2814 τοίνυν
677 2748 697 2832 ἡ
719 2753 825 2833 γνῶσις
852 2748 929 2815 κατά
954 2746 990 2827 τό
1018 2751 1150 2832 γνάσμα,

63 2863 90 2924 ελ
117 2856 184 2922 οἷον
208 2874 242 2921 τε
270 2852 370 2937 φάναι.
423 2850 471 2921 Τό
493 2855 544 2919 δὲ-
562 2852 716 2941 γνωσμά
744 2859 825 2920 ἐστιν
853 2852 928 2920 αὐτδ
955 2849 990 2918 τό
1018 2851 1151 2936 γνωστόν

64 2961 135 3028 ἄλλ’
155 2959 215 3047 ἤδη
236 2964 281 3045 τῷ
301 2956 495 3047 γιγνάσκοντι
514 2963 738 3044 ἐνουσιωμένοι·
759 2957 778 3041 ἢ
801 2958 879 3026 κατά
893 2959 946 3043 μὲν
966 2961 1058 3023 τοῦτο
1072 2951 1150 3024 πάν-

62 3069 155 3155 τωςῆ
177 3073 292 3154 γνῶσις,
311 3067 347 3134 οὐ
369 3071 459 3156 τοῦτο
481 3066 554 3152 δὲίγ
577 3072 701 3151 γνῶσιςς
723 3073 752 3132 τί
773 3057 831 3132 οὐν
851 3061 958 3149 πάσχει
977 3064 1152 3150 τδγνωστι-

65 3174 135 3254 κόν,
154 3169 207 3240 ότι
232 3171 322 3259 μήπω
347 3169 502 3261 γιγνώσκει
521 3170 543 3259 ,ἢ
564 3173 698 3258 ὀρέγεται
727 3176 782 3237 τοῦ
807 3175 943 3256 γνωστοῦ
951 3201 962 3255 ς
993 3167 1150 3252 Οὐκοῦνῆ

67 3285 177 3368 γνῶσις
195 3264 278 3359 τάξις
299 3283 341 3356 ¹⁴)
361 3281 425 3346 ἐστὶ
445 3284 502 3346 τοῦ
530 3284 664 3364 γνωστοῦ
685 3272 705 3363 ἧ
728 3280 877 3362 γνωστόν·
903 3279 955 3342 καί
975 3273 1029 3362 γάρ
1050 3278 1151 3341 εἰτοῦ

68 3384 152 3463 όντος
173 3379 289 3471 ἄλλ’-ἧ
306 3387 450 3515 γνωστὸν
471 3384 507 3451 τδ
534 3382 579 3450 όν.
633 3391 674 3451 Τί
694 3374 749 3449 οῦν
768 3381 805 3449 τό
831 3379 1009 3469 γνωστόν,
1037 3383 1089 3447 καί
1109 3384 1153 3470 πῇ

68 3493 212 3580 διαφέρον
232 3495 289 3559 τοῦ
306 3492 410 3577 όντοςς
429 3521 463 3577 η
470 3486 518 3557 ότι
537 3486 670 3577 γνωστὸν
686 3490 739 3616 μὲγ
768 3486 845 3575 πρός
871 3487 947 3556 άλλο
976 3492 1052 3554 καθ’
1077 3483 1152 3553 αὑτό

70 3593 157 3681 δὲ,,”’
138 3627 155 3666 ο
178 3603 259 3666 ἐστίν
269 3596 355 3683 ,δνς
374 3596 395 3684 ἢ
415 3626 467 3663 και
486 3623 582 3702 τουτο
605 3597 659 3682 μὲν
672 3594 844 3680 πρόςεστιν,
860 3593 945 3662 οὑπω
966 3595 1001 3661 δέ
1020 3621 1067 3672 τις
1083 3597 1153 3660 ἕνα·

70 3711 156 3792 τέρου
184 3703 351 3792 διάριοται
370 3704 476 3789 φύσας
503 3700 524 3787 ί]
550 3696 585 3769 τδ
614 3708 668 3788 μέν
695 3707 774 3769 ἐστιν
801 3703 820 3787 ἢ
848 3699 1030 3781 ὑπόστασις,
1056 3697 1092 3766 τό
1120 3699 1153 3766 δὲ

140 3933 186 3998 15)
205 3933 278 3986 Mon.
296 3931 453 4000 βούλονται·
471 3929 590 3984 idem
559 3950 591 4000 τη
612 3940 673 3981 ante
692 3931 728 3988 τίς
746 3944 798 3981 om.
819 3927 857 3980 cf.
883 3929 994 3980 Ατίινον.
1021 3944 1047 3980 π.
1061 3928 1156 4015 φυχης

76 4001 93 4054 1.
110 4003 156 4056 ΙΙΙ.
183 4020 208 4055 c.
231 4011 248 4060 ι
276 4019 318 4071 ιη.
344 4031 377 4041 -
403 4004 446 4067 ιι)
471 4001 545 4053 Mon.
569 3983 666 4060 τάξις,
695 3995 886 4066 (acquisitio).
918 3999 963 4048 καὶ
984 4016 1034 4066 γαρ
1056 3995 1072 4062 ίγ
1096 4001 1155 4083 τομ

10 4140 12 4145 .
77 4070 169 4124 Ηιιαί)
187 4069 268 4138 biso]
286 4069 409 4140 γνωστόν.
446 4069 521 4122 Mon.
540 4069 670 4139 διαφέρειν
687 4068 776 4118 τοὺο.
