2586 4672
171 127 242 244 αι’

172 388 208 454 οῦ
228 385 336 454 ταῦιύν
356 388 421 452 κατ’
444 385 524 462 είδος
541 385 579 451 τό
600 413 632 452 τε
654 393 708 473 τῆς
727 391 821 466 θείας
840 379 955 476 ψυχῆς,
982 391 1033 455 καῖ
1053 386 1091 455 τό
1112 393 1166 474 τῆς
1187 387 1249 453 δαι-Ι

170 504 275 578 μονίας
295 500 348 561 καί
367 491 403 560 τύ
425 494 479 579 τῆς
500 493 712 580 ἀνθρωπίνης,
741 493 822 563 ἀλλά
841 493 876 562 τύ
895 489 949 582 μὲν
969 498 1021 561 καί
1042 495 1119 561 αῦτὸ
1136 495 1249 581 ἀνθρύ·

170 630 277 682 πινον,
295 601 330 669 τό
350 603 384 668 δὲ
405 597 575 684 δαιμόνιον,
597 602 640 668 τό
654 602 688 669 δὲ
707 607 815 670 θεῖον·
838 605 946 688 ὁμοίως
966 603 998 669 δὲ
1019 607 1081 691 ἔχει
1100 605 1152 669 καί
1168 601 1250 687 λόγος

171 716 297 785 ἕκαστος
328 710 343 774 ὃ
373 705 499 802 ἑκάστη,
536 710 586 772 καῖ
612 708 646 773 τό
675 709 874 795 αὐτοκίνητον
899 708 959 796 ἀρα
988 708 1066 776 ἀλλο
1099 711 1153 774 καί
1181 708 1247 774 ἀλλο

170 821 236 882 κατ’
260 817 358 895 εἶδος,
391 811 466 880 ὥστε
494 817 545 879 καῖ
566 815 600 879 τὸ
621 814 801 899 φαινόμενον
828 819 1023 903 αὐτοκίνητον
1050 817 1125 883 εἴδει
1147 816 1243 901 διάφο-

170 950 241 1011 ρον,
268 921 303 989 τὸ
324 922 383 989 ἀπό
405 925 458 1005 τῆς
479 920 573 1007 ἀλλης
593 927 645 988 καῖ
667 921 761 1008 ἀλλης
781 930 928 1009 καθῆκον.
981 926 1104 990 Ούκοῦν
1120 927 1180 1004 Ικαῖ
1199 923 1243 988 ἀν-

170 1024 366 1116 τιστρέψαντι
386 1033 510 1116 ῥητέον,
533 1025 583 1094 ότι
604 1025 826 1115 τὰφαινόμενα
847 1030 974 1114 διάφορα
994 1033 1061 1095 κατ’
1084 1031 1165 1105 εἶδος
1186 1029 1244 1094 ἴύτα

81 1224 84 1227 ,
170 1136 234 1204 ἀπὸ
254 1136 408 1222 διαφόρων
428 1137 493 1201 κατ’
518 1135 598 1210 εἶδος
620 1136 779 1222 ἀληθινῶν
799 1141 991 1222 προέρχεται·
1016 1133 1091 1202 ῶστε
1104 1134 1142 1202 τά
1158 1135 1243 1201 πολλοὶ

170 1247 237 1330 ιεἴδη
267 1243 432 1328 φαινόμενα
464 1247 525 1309 τῶν
553 1244 676 1309 πολλῶν
707 1244 868 1329 ἀληθινῶν
896 1244 984 1332 εἰδῶν
1015 1249 1081 1309 ἐστι
1103 1247 1241 1329 τεκμήρια,

169 1358 236 1420 ἐπεί
256 1357 307 1419 καῖ
328 1352 363 1418 τὸ
383 1349 486 1418 κοινόν
506 1350 688 1434 φαινόμενον
709 1357 768 1418 τοῦ
789 1357 892 1419 κοινοῦ
913 1352 1058 1435 ἀληθοῦς
1083 1352 1239 1418 ἀποδεικτι-

164 1454 231 1526 κὸν.
272 1466 313 1524 Εἴ
333 1463 433 1523 τοίνυν
454 1456 556 1532 ἁπλῶς
575 1455 612 1522 τύ
633 1456 815 1542 φαινόμενον
836 1465 867 1524 ἒν
887 1464 929 1542 τῷ
950 1461 1146 1543 ἕτεροκινήτῳ
1162 1458 1239 1522 αἴτο·

170 1577 291 1654 κίνητον
312 1563 468 1651 τεκμήριον
488 1565 668 1648 ποιούμεθα
688 1569 743 1632 τοῦ
766 1567 908 1652 ἀληθοῦς
929 1564 1142 1652 αὐτοκινήτου,
1164 1566 1199 1640 ὡς
1217 1569 1240 1628 ἐν

174 1675 329 1760 Φαίδρῳ
356 1673 505 1738 δείκνυται
535 1663 733 1760 τελειότερον·
765 1680 806 1740 Εἴ
834 1673 934 1739 πολλὰ
955 1676 1001 1757 εἴη
1038 1671 1077 1739 τά
1105 1674 1168 1756 εἴδη
1193 1678 1240 1735 τῶν

169 1786 371 1867 φαινομένων,
390 1776 493 1846 πολλά
514 1776 615 1864 ἀνείη
636 1782 688 1848 καὶ
708 1781 747 1844 τά
763 1781 828 1867 εἴδη
849 1785 908 1845 τῶν
929 1780 1100 1863 ἀληθινῶν·
1130 1788 1241 1846 ἕκαστον

171 1890 228 1978 γάρ
256 1889 435 1974 φαινόμενον
461 1892 516 1952 τοῦ
545 1893 656 1952 οἰκείου
684 1886 836 1974 ἀληθινοῦ
865 1885 1021 1973 τεκμήριόν
1054 1896 1181 1972 γίνεται,
1210 1886 1242 1958 ὡς

170 1997 280 2082 ἕκάστη
310 1993 396 2062 εἰκῶν
425 1996 609 2078 διαφέρουσα
638 2002 706 2060 κατ’
736 1996 816 2072 εἶδος
845 1991 914 2062 ἴλον
941 2001 995 2060 τοῦ
1023 2002 1137 2061 οἰκείου
1155 2019 1241 2076 παρα·

94 2176 96 2179 ,
170 2104 345 2193 δείγματος·
374 2107 419 2168 Εἴ
435 2100 473 2185 δη
488 2108 614 2167 ἕκαστον
635 2105 771 2189 ἔμψυχον
791 2099 969 2187 φαινόμενόν
990 2107 1072 2167 ε’στιν
1093 2102 1240 2182 οιάτοκίιη-

169 2237 236 2294 τον,
271 2213 322 2278 καὶ
349 2208 388 2276 οῦ
416 2206 526 2275 τοῦτόν
553 2210 627 2275 εἴδει
654 2216 793 2289 ἕκαστον,
822 2211 916 2291 σαφὲς
936 2200 984 2275 ότι
1005 2213 1057 2276 καὶ
1077 2207 1116 2275 τά
1138 2209 1242 2291 ἀληθι-

168 2326 227 2398 νῶς
242 2322 271 2403 2)
294 2318 472 2402 αῦτοκίνητα
501 2317 601 2382 πολλοὶ
630 2316 697 2403 εἴδη
728 2321 830 2383 ἔσται·
861 2316 972 2382 πολλαί
1000 2314 1061 2401 ἀρα
1088 2323 1121 2382 αἴ
1151 2320 1244 2402 φυγαί.

162 2422 242 2497 Ἀλλ’
265 2432 334 2503 ἴσως
356 2427 395 2501 ῶς
414 2421 517 2491 πολλά
537 2424 766 2509 παραδείγματα
795 2430 826 2490 ἓν
846 2427 889 2508 τῶ
916 2428 958 2490 ἑνί
978 2427 1035 2508 νῶ,
1074 2417 1157 2490 οῦτοι
1183 2423 1245 2489 πολ

169 2538 222 2624 λαῖ
241 2538 339 2621 ιγιυχαῖ
360 2539 390 2599 οἴ
411 2534 521 2599 πολλοὶ
543 2535 665 2619 ψυχικοί
687 2528 788 2616 λόγοι,
821 2532 1008 2616 διωρισμένοι
1036 2540 1104 2598 κατ’
1124 2532 1200 2607 εἶδος
1218 2535 1246 2596 ἓν

169 2644 206 2732 τῇ
228 2647 286 2728 μιᾷ
304 2645 389 2734 ψυχῇ
412 2646 448 2731 τῇ
472 2637 524 2736 ἴλη
545 2644 597 2706 καῖ
617 2639 781 2723 μονοειδεῖ·
803 2637 881 2704 ἀλλά
902 2636 939 2704 τά
959 2645 1035 2727 με’ρη
1051 2647 1163 2728 ἐκείνης
1178 2639 1244 2704 θεῖά

169 2756 235 2817 ε’στι
255 2749 429 2817 πάντακαῖ
449 2748 615 2824 παντελοῦς
634 2752 709 2833 μέρη
731 2736 855 2830 φύσεως,
877 2737 952 2811 ῶστε
973 2753 1005 2813 ἐν
1024 2754 1107 2834 μέρει
1122 2745 1246 2829 παντελῆ

170 2863 222 2925 καῖ
244 2857 338 2924 αῦτά·
366 2856 469 2924 ὁλικόν
488 2854 546 2942 γάρ
567 2863 709 2935 ἕκαστον,
729 2858 780 2919 καῖ
801 2864 844 2939 τῷ
867 2854 931 2920 όντι
951 2862 1110 2938 κοσμικόν·
1134 2858 1171 2922 οῦ
1191 2861 1248 2921 πᾶν

170 2966 203 3032 δὲ
225 2972 359 3052 ἔμψυχον
380 2964 524 3040 τοιαύτας
546 2963 730 3029 ἀποδίδωσιν
751 2967 913 3048 ἐνεργείας,
949 2964 1017 3030 οῦδὲ
1039 2970 1179 3032 τοιοῦτον
1199 2962 1249 3046 τὴν

34 3160 38 3167 “
169 3070 259 3156 φύσιν
281 3075 374 3152 ἐστίν,
411 3070 544 3139 ἀλλάτό
564 3071 618 3155 μὲν
639 3076 743 3149 θεῖον,
776 3069 810 3137 τὸ
832 3071 864 3136 δι’
885 3070 1059 3155 δαιμόνιον,
1090 3073 1125 3140 τύ
1150 3073 1182 3140 δὲ
1202 3074 1249 3138 ἀι-

87 3217 151 3275 ραρ,
168 3180 341 3275 θρύπειον·
369 3181 421 3245 καῖ
440 3177 476 3245 τό
496 3180 549 3263 μὲν
571 3176 814 3265 Πυθαγόρου
836 3183 985 3266 ἔμψυχον,
1016 3179 1050 3246 τό
1071 3182 1105 3247 δὲ
1126 3193 1159 3249 Κ
1167 3181 1248 3249 ύλω-

90 3288 151 3369 ²¹⁰ss
171 3315 244 3370 νος,
263 3292 314 3354 καῖ
328 3285 365 3354 τό
380 3289 434 3371 μὲν
447 3287 651 3371 Πλάτωνος
670 3292 698 3351 εἴ
711 3283 804 3371 τύχοι,
827 3287 861 3351 τὸ
875 3285 908 3352 δὲ
922 3288 1106 3365 Κλέωνος.
1130 3289 1248 3374 Ἀνάγκη

46 3390 48 3392 V
170 3395 229 3481 ἀρα
250 3399 303 3463 καῖ
323 3393 378 3471 τάς
397 3403 506 3481 κυρίως
526 3390 746 3478 αῦτοκινήτους
766 3389 862 3478 φυχάς
883 3390 978 3470 ἀλλος
1000 3395 1141 3462 εἶναικαὶ
1159 3395 1250 3472 ἀλλος

128 3549 130 3552 s
170 3517 236 3582 τοῖς
262 3503 367 3579 αάτοίς
392 3503 503 3580 εἴδεσι,
533 3506 585 3567 καῖ
613 3505 658 3567 ἔτι
684 3499 823 3583 μειζόνως
852 3500 1055 3586 διαφερούσας
1075 3508 1103 3579 ³)
1138 3508 1189 3570 καῖ
1216 3500 1251 3568 τό

170 3611 335 3696 φαινόμενα
362 3609 560 3693 αῦτοκίνητα·
590 3607 703 3674 πολλαί
731 3605 791 3690 ἀρα
819 3613 853 3672 αἴ
882 3612 977 3694 ψυχαί
1004 3609 1081 3693 μετά
1108 3608 1163 3696 την
1183 3618 1250 3695 μίαν

98 3890 101 3893 .
205 3846 232 3901 ο)
251 3841 324 3893 Mon.
346 3837 461 3903 ἀληθῶς.
500 3836 622 3904 Uterque
641 3835 710 3899 Είδη
729 3851 780 3905 pro
799 3835 944 3904 superiore
963 3837 1028 3903 ιίδίγ.
1055 3838 1141 3903 Mon.
1161 3837 1250 3891 πολλοὶ

169 3909 221 3981 ἀρα
239 3912 292 3964 καί
315 3911 343 3960 αί
359 3911 450 3976 φυγαί.
476 3901 616 3975 sequentia
640 3903 724 3954 verba
742 3901 794 3954 ἀλλ’
814 3907 875 3962 ἴσως
882 3939 982 3959 .......
1003 3905 1071 3958 οὕτω
1089 3910 1184 3959 πολλοὶ
1199 3923 1248 3975 φυ-

164 3979 325 4046 χιιίἨεωλ).
345 3977 466 4048 neglexit.
487 3976 561 4025 Mon.
580 3973 696 4040 μοιἐιδεῖ
714 3988 766 4042 pro
784 3973 922 4039 μονοιιδεῖ.
943 4002 979 4014 ·-
1007 3975 1038 4039 5)
1057 3975 1168 4042 Μωυσῆ
1188 3983 1247 4046 (pro

167 4053 221 4113 καί)
240 4048 273 4099 τὰ
291 4046 435 4116 (γευόμενα,
464 4057 490 4095 et
509 4041 622 4092 inferius
639 4041 673 4091 τὰ
692 4041 800 4110 σύματα
821 4045 949 4110 γίνονται,
974 4055 1000 4094 et
1019 4044 1218 4115 διαπράττοιτο.
