2586 4672
91 212 164 300 οτό

89 419 235 495 στοιχεῖα,
264 407 319 474 οὐκ
340 408 502 495 ἀνεχόμενα
527 414 585 477 τοῦ
608 412 763 477 συνθέτου
793 411 956 493 μερισμοῦ,
984 395 1001 470 ‘o'
1029 410 1089 472 ἐστι
1111 413 1159 471 τοό

91 517 285 600 στοιχειωτοδ
305 512 462 600 μερισμός,
484 515 557 582 ἀλλ’
577 519 745 602 ἐμμένοντα
760 517 799 611 τῇ
818 511 923 606 πρεότη
937 510 1034 577 αιἰτοῦ
1044 510 1161 578 ὕποστά·
1203 521 1206 535 “

90 638 152 684 σει·
173 611 249 703 αὕτη
269 619 303 687 δὲ
323 612 399 708 ἦνῆ
421 622 462 699 ἀς
481 619 612 708 μάλιστα
628 621 801 708 ἀμέριστος,
827 617 939 721 τμῠτόν
953 637 1000 704 ’γε
1023 615 1079 686 τόν
1101 618 1161 703 τρό-

89 751 150 793 πον
170 722 224 792 τόν
244 732 302 794 τοῦ
322 730 488 816 κράματος,
516 731 568 795 καὶ
587 724 632 795 ότι
658 727 718 812 πρὸ
730 744 733 755 ’
745 732 801 795 τοῦ
827 728 1050 813 περιγραφῆναι
1070 726 1163 802 τελέας

90 837 241 919 μερίζεται
262 838 295 915 ἐξ
312 835 461 922 ἀνάγκης,
481 840 559 902 καθ’
581 833 615 902 ὃν
635 832 780 929 μερισμόν
807 842 850 912 εἰς
873 833 931 922 την
959 836 1058 921 μερῶν
1073 837 1163 899 καθί-

91 923 200 1008 σταταῖ
220 939 324 1021 τάξιν·
355 942 406 1009 δεῖ
422 942 478 1031 γάρ
498 943 668 1028 ἀποστῆναι
697 947 753 1020 τῆς
779 945 909 1019 ἒνάσεως
937 948 982 1017 εἴς
1007 943 1164 1027 μέρη,καῖ

92 1044 189 1129 οἴκοις
205 1048 263 1137 ἀρα
276 1050 443 1133 προελθεῖν
456 1057 499 1128 εἰς
514 1051 633 1118 τελείαν
645 1051 802 1118 διάστασιν
820 1048 877 1138 τόν
893 1047 1057 1136 εἰδητικόν.
1074 1042 1164 1124 “’ολυς

89 1156 126 1222 δέ
145 1155 249 1244 ἐπειδὴ
271 1154 308 1225 τά
329 1159 395 1245 εἴδη
419 1154 667 1246 περιχεγράφθαι
693 1159 847 1247 βούλεται,
876 1144 935 1224 ἴσα
959 1161 1022 1223 τοῖν
1048 1157 1162 1231 stow)

90 1262 133 1352 μη
154 1267 258 1358 ἀγαπᾷ
277 1263 333 1354 την
353 1270 400 1351 ἐφ’
428 1268 543 1334 ἑαυτῶν
569 1267 652 1335 ίδίαν
678 1271 803 1348 στάσιν,
830 1265 907 1333 ἀλλά
925 1263 1022 1350 πόθῳ
1050 1264 1162 1362 τηςχάρ·

90 1379 180 1459 χαίας
197 1370 314 1460 φάσεως
334 1381 376 1450 εἴς
396 1381 430 1442 έν
444 1377 646 1456 συννένευκεν,
666 1380 762 1442 ταῦτα
779 1374 856 1442 κατά
868 1377 1021 1440 τοσοῦτον
1038 1377 1088 1438 καί
1104 1376 1163 1459 μέρη

91 1487 239 1565 γίγνεται,
261 1462 337 1548 όίότε
357 1481 434 1548 κατὰ
452 1484 632 1570 συμπλοκὴν
659 1490 720 1550 τῶν
742 1482 849 1550 ἀπλῶυ
874 1485 1037 1566 πονητέον,
1064 1477 1103 1549 τά
1123 1482 1164 1566 μίν

90 1585 158 1671 εἴδη
178 1581 242 1669 άμα
268 1589 320 1653 καί
347 1592 420 1673 μέρη
449 1588 527 1656 κατά
555 1588 631 1657 άλλο
660 1595 762 1674 μέντοι
789 1591 840 1655 καί
870 1586 963 1668 ἀλλο,
987 1582 1028 1654 τό
1055 1585 1088 1653 δὲ
1112 1584 1165 1671 εἴδη

90 1695 144 1758 καῖ
168 1704 315 1781 στοιχεῖα·
342 1695 414 1761 οὐδὲ
433 1700 531 1762 ταῦτα
560 1693 637 1763 κατά
651 1697 681 1779 7)
702 1693 829 1777 ταῧτδν,
848 1694 927 1762 ’ἀλλ’
948 1687 967 1787 ᾖ
988 1696 1044 1780 μὲν
1069 1689 1167 1780 ἥνυτυῖ

89 1802 143 1868 καί
163 1798 239 1866 κατά
255 1797 313 1887 τήν
343 1806 549 1896 συνηρημένην
575 1803 672 1870 αὐτῶν
699 1801 866 1892 ἀκρότητα,
893 1813 1027 1887 στοιχεῖα
1051 1797 1089 1867 ἀν
1113 1802 1165 1885 εἴη·

89 1898 110 1993 ᾗ
131 1906 164 1973 δὲ
185 1905 371 1993 διακέκριται
391 1909 448 1975 ἀπ’
461 1908 617 1996 ἀλλήλοιν,
643 1912 727 1999 εἴδη
749 1908 828 2000 αὐτὰ
846 1908 883 1976 ἀν
906 1909 1031 1976 καλοῖτο
1045 1907 1166 1982 δικαίας·

88 2006 109 2103 ᾗ
129 2013 163 2081 δὲ
184 2014 368 2099 διακρίνεταί
386 2023 450 2094 τ’τοις
469 2016 548 2084 κατὰ
567 2018 623 2104 τὴν
642 2018 791 2106 ἀμφίβιον
811 2008 958 2103 μεσότητα
976 2017 1032 2102 τῆς
1051 2013 1182 2097 δποστάγ

91 2144 180 2197 σεως,
203 2127 305 2209 μέρη,
325 2131 432 2208 κυρίας
455 2121 609 2210 λεγόμενα.
1017 2139 1020 2145 ’

167 2225 241 2296 Ἔτι
260 2231 295 2297 δὲ
316 2222 373 2298 ιἀσα
394 2233 447 2317 μέν
468 2237 501 2298 ἐν
527 2238 569 2319 τῷ
593 2226 655 2319 ’όλῳ
683 2228 935 2318 ἀνόμοιαμέρη,
964 2229 1032 2315 εἴδη
1059 2253 1093 2294 τε
1117 2215 1168 2308 ἴμυ

89 2337 142 2401 καῖ
162 2339 237 2426 μέρη
259 2342 356 2407 ἐστίν·
378 2342 459 2427 εἴδη
480 2341 548 2426 μέν,
570 2336 620 2409 ότι
641 2338 786 2426 ἀνόμοια
808 2344 881 2426 με’ρη
901 2338 954 2431 δὲ,
980 2329 1029 2402 ιότι
1050 2335 1087 2402 οὗ
1106 2330 1169 2400 καθ’

22 2517 25 2527 ‚
90 2441 185 2526 οὖτά,
213 2447 281 2513 ἀλλ’
311 2453 342 2515 ἒν
362 2453 406 2534 τῷ
433 2445 493 2534 όλῳ
513 2454 647 2534 πέφυκεν
672 2451 763 2529 εἶναι,
795 2449 844 2513 οἷα
870 2443 912 2512 τά
937 2437 1067 2531 ἡμέτερα
1091 2441 1170 2529 ἀργόν

90 2550 161 2617 νικά
179 2553 339 2639 λεγόμενα,
360 2561 412 2622 καῖ
432 2542 483 2622 οἶα
503 2559 536 2620 ἒν
556 2561 597 2640 τῷ
619 2555 743 2641 οάροίνῳ
758 2547 941 2641 ημισφαίριοί
961 2579 994 2618 τε
1016 2552 1069 2617 καῖ
1077 2571 1169 2633 τεταρ-

89 2660 217 2746 τημόρια
238 2665 290 2728 καὶ
311 2665 400 2748 ζῶναι
418 2661 560 2749 διάφοροί
579 2687 675 2742 τινες,
695 2665 739 2727 ἔτι
759 2661 794 2726 δὲ
814 2659 905 2727 πόλοι
925 2660 978 2724 καῖ
1004 2663 1112 2741 κέντρα
1129 2653 1170 2719 ιιοῖ

90 2762 193 2845 ἄξονες
213 2772 266 2834 καῖ
285 2768 406 2851 κύκλοι,
425 2771 652 2857 δημιουργικαῖς
672 2794 750 2835 τισιν
770 2765 974 2852 ἀφωρισμένοι
994 2776 1119 2851 τομαῖς,
1140 2758 1170 2826 οἴ

90 2875 167 2938 καθ’
188 2876 300 2954 αὖτοάς
320 2879 354 2944 δὲ
374 2877 453 2947 εἴναι
473 2872 642 2962 δυνάμενοι.
686 2875 777 2944 Ἀλλά
799 2878 849 2942 καὶ
869 2878 903 2940 ἐν
921 2886 990 2950 ταῖς
1018 2884 1130 2960 φμχαῖς
1147 2871 1172 2933 οἴ

90 2978 176 3064 λόγοι
197 2991 327 3052 τοιαῦτα
348 2983 426 3052 άττα
445 2989 522 3074 μέρη
543 2982 742 3073 τυγχάνουσιν
765 2982 868 3064 ὄντες,
882 2985 936 3049 καῖ
956 2987 1109 3051 πάσαιαῖ
1121 2981 1172 3045 τάν

91 3085 245 3177 διαφόρων
272 3098 366 3159 αἰτίαι
389 3120 423 3160 τε
452 3096 504 3159 καί
532 3098 671 3186 μεθέξεις
698 3096 756 3180 τῆς
779 3091 896 3167 τοιάςδε
926 3089 1062 3175 φάσεως·
1089 3094 1122 3155 αἴ
1145 3084 1174 3151 δὲ

91 3193 234 3283 ἀπείρξεις
254 3198 296 3274 ὡς
316 3206 369 3286 τῆς
398 3201 605 3281 αὐτοτελοῦς,
630 3199 713 3286 πλὴν
738 3195 787 3266 ὅτι
807 3201 859 3265 καὶ
883 3195 1001 3264 τούτων
1022 3203 1057 3277 αἴ
1079 3185 1173 3263 συναι·

92 3305 189 3385 ρέσεις
210 3311 359 3389 χίνοιται,
388 3309 453 3375 οίον
472 3313 508 3383 ἐκ
527 3314 695 3395 στοιχείων,
726 3308 779 3372 καί
807 3304 841 3372 αἴ
867 3304 1029 3391 ,ὃλότητες,
1059 3304 1122 3370 οἷον
1146 3303 1173 3366 ἐκ

91 3414 202 3495 μερῶν,
223 3411 263 3488 ὡς
282 3416 400 3503 εἴρηται
420 3417 644 3500 καὶπρότερον.

178 3513 266 3585 Οῧτω
285 3521 339 3604 μὲν
356 3512 413 3624 ρῦν
433 3522 498 3608 εἴδη
516 3524 567 3586 καί
587 3508 685 3607 μίρηῖ
703 3514 775 3606 εἴδη
805 3518 839 3583 δὲ
867 3509 930 3602 ἀμα
956 3521 1009 3584 καῖ
1037 3526 1171 3603 στοιχεῖα,

93 3620 150 3695 ἴσα
171 3635 365 3714 συγκίρναται
384 3633 447 3695 τῶν
467 3628 556 3695 εἰδῶν
576 3637 619 3704 εἰς
637 3625 821 3704 ἑνόςεῖδους
837 3622 1010 3708 ἀδιάκριτον
1027 3623 1173 3701 σύστασιν,

92 3733 142 3800 οἶα
162 3732 200 3800 τά
221 3735 357 3804 σύνθετα
376 3739 435 3803 τῶν
457 3733 555 3814 ζάοιν,
578 3727 636 3803 ’όλα
656 3738 697 3802 δι’
719 3728 798 3802 ἴλων
819 3741 1015 3819 ἐπιφαίνοντα
1030 3732 1088 3818 την
1108 3726 1171 3798 σόν

159 3965 190 4032 6]
208 3968 286 4021 Mon.
304 3973 355 4021 τῶν
373 3968 441 4021 ὁδῶν
464 3968 500 4036 μὴ
525 3968 614 4037 ᾆγαμῖι
622 4005 691 4021 .....
710 3969 776 4020 κατὰ
800 3968 937 4036 συγκοπήν.
969 3997 1000 4007 -·-
1025 3969 1053 4038 7)
1079 3962 1168 4018 Hamb.

95 4032 155 4119 uae,
182 4035 273 4100 αὐτὸν,
307 4037 361 4091 ἀλλ’
391 4037 414 4102 ἴῖ
453 4037 492 4090 sic
520 4037 571 4091 his.
620 4037 705 4097 Idem,
721 4038 793 4091 infra
821 4036 858 4106 ἴῖ
879 4038 908 4090 δὲ
942 4038 1099 4109 διακέκριται
1124 4051 1170 4090 ποι

71 4121 164 4161 κατα,
522 4133 524 4139 2
