2586 4672
163 178 233 258 τοο
317 185 319 189 ’

164 386 249 452 σίους
268 375 320 452 τάς
337 369 536 459 περιγραφάς,
559 371 627 440 ἀλλ’
645 371 712 461 άρτι
731 401 795 453 πως
816 377 1062 462 άπαφαινσμένας
1080 364 1133 443 καί
1152 371 1227 441 οἴπω

164 480 281 560 πολλάς
300 485 567 560 ἐπισυντεθείσας,
598 470 677 547 ῦθεν
697 483 809 568 ῥᾳδίως
830 489 971 552 ’ἑνοῦνται
997 484 1051 549 καί
1083 481 1147 549 οἷον
1165 506 1229 564 συγ·

163 595 282 679 χέονται
299 587 376 673 πρδς
396 587 541 675 ἀλλήλας·
563 580 624 674 όσφ
645 590 678 656 δὲ
699 595 884 658 ε’πικατιέναι
904 596 1064 677 συμβαίνει
1077 588 1135 674 την
1149 588 1227 678 πρόο·

164 700 234 780 δον,
254 694 458 785 βαθόνουσάν
474 722 508 762 τε
528 698 579 763 καῖ
588 680 880 787 1ἒποικσδομουμίνην
898 711 967 776 ταῖς
981 710 1174 785 περιγραφαῖς
1181 699 1227 764 καῖ

165 819 229 882 τοῖς
248 818 418 895 μερισμοῖς,
450 800 585 891 τοσούτῳ
607 804 829 895 δυςκολοῖτερον
848 815 891 885 εἴς
915 806 971 892 την
1001 806 1164 894 σύγκρασιν
1181 808 1227 872 τοῦ

87 961 148 1018 pag,
167 920 355 1002 στοιχειωτοῦ
375 916 565 995 συντελοῦσι,
599 917 650 981 καῖ
676 917 732 983 οὐκ
753 917 864 1005 ἀκριβῆ
883 920 1033 984 ποιοῦντα
1052 915 1110 1003 τίγν
1129 923 1227 995 έιιωσιν,

90 1024 147 1117 ¹59·
167 1024 237 1091 ἀλλ’
259 1024 323 1089 οίον
342 1021 539 1110 διχάοκουσαν
559 1027 602 1098 εἰς
621 1020 784 1109 διάκρισιν·
805 1020 883 1091 ιόθεν
896 1020 934 1090 τά
955 1023 1011 1110 μὲν
1027 1022 1172 1110 ἐγγυτάτω
1181 1026 1228 1107 της

165 1133 319 1218 ηνωμένης
352 1133 486 1213 φάσεως,
524 1143 669 1216 στοιχεῖον
697 1133 814 1217 μᾶλλον
838 1132 915 1199 εῖναι
941 1132 1138 1214 φαντάζεται,
1166 1131 1227 1215 ἥπερ

169 1241 251 1329 εἴδη·
282 1239 324 1308 τά
354 1240 387 1306 δὲ
408 1237 593 1323 πορρωτάτω
614 1239 680 1324 εἴδη
707 1239 841 1324 μᾶλλον,
872 1237 951 1325 ἤπερ
972 1251 1121 1323 στοιχεῖα·
1146 1236 1179 1304 τά
1199 1236 1225 1302 δὲ

168 1354 247 1436 μέσα
268 1349 345 1416 κατά
373 1346 411 1415 τό
438 1353 529 1433 μέσον
548 1351 609 1412 τῶν
630 1345 729 1435 ἀκρων
749 1351 814 1414 ἐστι
832 1343 1007 1424 συνθέσεως
1025 1374 1060 1414 τε
1080 1350 1130 1415 καῖ
1149 1340 1225 1413 άπῖό·

168 1482 269 1543 τητος.
300 1452 348 1521 Τά
377 1452 432 1536 μὲν
458 1443 515 1518 οῦν
541 1454 609 1538 γένη
639 1458 696 1518 τοῦ
723 1449 813 1529 όντος
839 1453 956 1537 μᾶλλον
977 1467 1127 1539 στοιχεῖα,
1152 1449 1185 1519 τά
1201 1450 1225 1516 δὲ
1268 1480 1271 1547 3

169 1567 279 1650 έῖτχατα
306 1564 367 1627 τῶν
395 1563 553 1626 συνθέτων
581 1561 610 1644 2)
638 1560 704 1645 εἴδη
735 1561 869 1643 μᾶλλον,
902 1561 966 1626 οἷον
998 1559 1159 1647 ἀνθρωπος
1185 1560 1224 1625 καῖ

169 1678 264 1747 ἵππος
291 1671 341 1736 καὶ
363 1663 439 1744 όλως
467 1674 561 1733 εἴπεάν
592 1665 629 1733 τά
646 1669 825 1755 καλούμενα
853 1665 1033 1735 εἰδικοίτατα
1061 1676 1122 1736 τῦν
1143 1658 1224 1736 εἴδάν·

170 1778 208 1844 τά
226 1783 326 1860 μέντοι
346 1781 438 1861 μέσα,
466 1770 490 1840 ἀ
511 1777 563 1841 καὶ
580 1775 784 1861 ὑπάλληλά
809 1775 960 1856 καλεῖται,
985 1776 1065 1861 πρός
1086 1779 1136 1861 μέν
1155 1774 1224 1854 τάέξ

170 1887 288 1967 αὐτῶν,
319 1888 382 1952 τῦν
407 1889 559 1968 στοιχείων
582 1887 677 1970 ἐπέχει
699 1883 794 1966 τάξιν,
829 1881 905 1973 πρός
929 1885 962 1950 δὲ
990 1882 1028 1950 τά
1056 1887 1116 1970 πρὸ
1139 1887 1222 1962 αῦτῦν,

172 1997 389 2081 στοιχειωτῦν·Ι
411 1987 449 2057 τά
470 1979 625 2057 αῦτάόῦν
645 1989 818 2076 στοιχειωτά
838 1995 889 2058 καῖ
913 2005 1045 2078 στοιχεῖα
1063 1995 1112 2060 εἰτ’
1132 1997 1195 2079 ἴσης.

100 2179 101 2183 1
246 2094 321 2189 Ἆρα
343 2090 398 2167 οῦν
424 2096 464 2166 τά
491 2095 671 2166 εἴδοκοίτατα
695 2099 760 2185 εἴδη
785 2103 835 2165 καί
863 2098 1003 2178 δπωςοῦν
1028 2099 1157 2189 στοιχεῖά
1175 2103 1222 2165 ἔστι

83 2222 85 2227 ’
171 2217 232 2279 τῶν
250 2211 389 2295 ἀτόμωνς
410 2208 448 2275 οδ
468 2207 526 2292 γάρ
548 2204 585 2294 δη
607 2205 705 2281 ἀλλων
725 2208 827 2274 εἴδάνν·
850 2207 889 2272 οὗ
901 2205 957 2292 γάρ
969 2212 1057 2274 ἔσται
1070 2205 1222 2277 εἴδικότατο

138 2381 140 2384 ⁴
171 2323 223 2386 καί
247 2323 357 2404 ἔσχατα
375 2321 436 2383 τῶν
456 2315 561 2382 εἴδῦν·
583 2313 662 2381 ἀλλά
680 2312 740 2401 μὴν
761 2314 832 2381 οῦδὲ
852 2322 912 2380 τῶν
933 2313 1051 2400 ἀτόμων
1065 2317 1105 2399 3)·
1124 2316 1167 2382 δεῖ
1183 2311 1223 2400 γάρ
1268 2308 1271 2384 ί

172 2428 250 2493 εἶναι
273 2424 308 2494 τό
328 2420 427 2492 κοινόν
447 2420 523 2509 μετά
543 2421 644 2489 ἀλλων
664 2422 832 2506 διαφορῶν·
862 2429 915 2488 καί
934 2449 1011 2498 τινες
1032 2422 1071 2490 ἀν
1094 2425 1150 2491 εἶεν
1168 2420 1226 2488 άτο-
1269 2410 1271 2465 ἶ

172 2560 225 2617 μοι
239 2532 363 2601 ἑκάστου
378 2532 530 2617 διαφοραί,
550 2528 573 2615 ἢ
589 2526 625 2595 τά
642 2527 874 2616 συμβεβηκότος
896 2531 963 2598 ἀλλ’
975 2532 1011 2597 οὐ
1026 2535 1189 2619 συμπληροῖ
1196 2526 1226 2594 τά

173 2641 383 2729 συμβεβηκότα
403 2640 526 2706 οάσῖαν·
546 2638 613 2705 ἀλλ’
642 2640 713 2714 ἴσως
742 2635 900 2716 οάσιοίδεις
930 2643 982 2705 καί
1008 2632 1113 2708 αὗται·
1140 2641 1228 2709 οῦκοῦν

172 2753 289 2835 πρῶται
309 2741 399 2814 αὗται
419 2749 601 2831 φανοῦνται,
629 2746 713 2829 εἴπερ
734 2745 807 2812 ἴδιοι
826 2752 882 2813 τοῦ
897 2745 1029 2832 ἀτόμου,
1050 2741 1127 2817 ὥστε
1142 2754 1230 2822 οἰκείας

172 2861 287 2935 ἕξουσιν
306 2857 402 2936 ἰδέας,
433 2854 539 2939 άτιμοῖ
560 2878 592 2939 γε
621 2843 723 2938 οὖσαι·
755 2851 881 2940 ἢέσται
909 2863 939 2921 τί
959 2855 1055 2932 εἶδος,
1079 2856 1099 2926 δ
1121 2867 1230 2946 γίγνεται

173 2956 245 3028 όλον
265 2964 316 3028 καί
336 2969 514 3050 φθείρεται,
539 2961 593 3043 Ικαῖ
614 2956 633 3027 δ
652 2957 726 3047 μήτε
745 2961 906 3045 μοναδικόν
925 2967 1006 3044 ἔστι,
1031 2965 1109 3053 μήτε
1129 2963 1231 3051 ἀτόμων

171 3070 365 3157 περιεκτικόν.

253 3182 387 3265 Μήποτε
408 3168 465 3244 οῦν
491 3177 592 3253 διττὸς
621 3177 638 3243 ὃ
662 3181 720 3263 τῆς
739 3177 914 3265 διακρίσεως
934 3179 1061 3266 τρόπος,
1091 3184 1178 3270 ὃμὲν
1200 3186 1234 3257 εἰς

173 3283 239 3370 εἴδη
255 3280 311 3352 όλα
326 3284 484 3371 διαφοραῖς
497 3284 661 3360 εἴδοποιοίς
672 3284 797 3372 διαιροῦν
817 3282 853 3353 τά
869 3283 923 3352 Ἓν
944 3294 988 3363 εἷς
1002 3290 1119 3358 πολλά·
1141 3284 1235 3357 όδὲτδ

173 3392 252 3458 αάτδ
274 3384 344 3459 όίον
358 3398 390 3461 έν
405 3393 532 3468 πολλοῖς
544 3388 632 3469 ἴλαις
645 3392 906 3476 ἀποτοποάμενος·
928 3394 977 3461 διδ
990 3399 1168 3487 κυριώτερον
1177 3394 1235 3465 ἀτο-

172 3527 229 3586 γιον
248 3503 391 3583 καλεῖται,
411 3492 460 3568 ότι
480 3495 553 3569 ἴδον
571 3504 756 3587 ἑκασταχοῦ,
776 3501 916 3587 οὐδεμίαν
930 3507 998 3590 ἕχον
1009 3504 1237 3593 διάφορονῖξαί·

173 3607 284 3695 λαγάν,
312 3600 384 3694 Ἄρα
405 3598 459 3674 οῦν
477 3607 498 3692 ἦ
521 3604 651 3695 διαφορά
665 3612 728 3673 τοῖν
742 3607 861 3694 ἀτόμων
877 3610 960 3698 παρά
973 3610 1073 3697 μόνην
1091 3611 1145 3701 την
1158 3605 1239 3696 ἴίηνς

243 3812 272 3874 ν)
294 3812 369 3866 Mon.
389 3813 548 3864 συνθέντων·
572 3810 642 3862 idem
666 3813 709 3862 καί
727 3821 788 3862 ante
808 3812 884 3871 ἴτπος
901 3829 955 3866 non
973 3813 1064 3868 habet.
1088 3817 1156 3870 Dein
1172 3817 1236 3880 ἐπάγει

173 3881 220 3948 τὴν
235 3880 318 3940 τάξιν.
345 3912 377 3922 -
400 3881 430 3948 5)
450 3882 525 3932 Mon·
545 3880 685 3952 συντόμων.
709 3879 824 3932 Inferius
850 3881 930 3942 τόπος
946 3901 999 3954 pro
1026 3885 1122 3955 τρόπος
1144 3899 1168 3940 et
1190 3882 1237 3936 οὐδὲ

175 4006 239 4070 (pro
259 4000 317 4070 ὅδὲ)
339 4002 370 4052 τὸ
393 3999 459 4053 αὐτὸ
478 3967 552 4057 ὅῖἀν·
569 4003 618 4056 εἰσ.
638 4002 706 4056 Dein
725 4000 777 4073 άροι
794 4001 840 4057 οὖν
856 4004 874 4069 ἡ
892 4005 1006 4077 διαφορὰ
1024 4009 1076 4062 τῶν
1093 4005 1203 4075 ἀτόμων,
1224 3996 1237 4059 δ

173 4070 243 4139 παρὰ
259 4075 307 4142 μέν
323 4070 420 4135 ταύτην
441 4068 487 4121 οὐκ
509 4078 563 4127 ἔστι
580 4071 686 4126 omissis
705 4071 810 4126 mediis.
