2586 4672
122 165 249 289 τοο
433 254 444 293 ,

118 393 164 466 έν,
192 390 466 470 σννεκφαινομένον
494 387 571 450 τάδε
592 389 650 450 τοῦ
671 383 737 462 ἑνός
757 388 808 450 καί
829 387 883 449 τοῦ
911 383 1080 468 ἡνωμένον,
1120 371 1176 459 άπερ

117 499 246 578 ἔμφασις
265 483 306 578 ἡν
325 498 382 559 τοῦ
404 489 504 569 ὄντος·
534 491 604 558 ἀλλ’
631 489 701 556 οὕτε
723 488 759 557 τό
779 499 812 557 έν
833 493 983 576 ἒνιτούτῳ
1004 489 1081 557 κατά
1100 492 1177 571 μέδι·
1230 526 1232 563 ,

116 605 178 680 ξιν,
206 598 278 665 οὔτε
300 597 335 665 τό
359 598 392 665 δν
415 601 491 665 καθ’
513 591 659 684 ε’ίπαρξιν·
680 586 770 665 ὀὔπω
792 597 846 686 γάρ
868 598 902 664 δν
924 599 994 666 οὐδὲ
1015 607 1066 666 έν·
1086 593 1118 662 τό
1136 593 1178 682 γρ
1230 608 1232 623 “

115 711 174 794 πρό
201 715 255 774 τοῦ
276 710 441 793 ἡνωμένον,
469 708 626 793 οὐδέτερον
646 699 703 793 ἡν,
723 707 801 774 αὐτὸ
822 708 854 775 δέ
876 706 1100 796 συναμφότερόν
1118 701 1176 770 κοτέ
1225 692 1232 761 ί

116 826 187 904 μίαν
216 817 374 904 ἁπλότητα
399 818 513 901 άμφοῖν
540 818 689 899 οίστικὴν·
717 818 766 884 διό
792 823 857 902 μετ’
884 816 962 884 αὐτό
983 819 1120 906 προὴλθε
1136 818 1176 904 Ικαὶ
1230 882 1232 909 ÷

116 928 171 994 ἀπ’
193 928 294 994 ον’τοῦ
316 923 461 1014 ἑκάτερον
481 925 518 993 τό
538 921 637 994 τεἛν
659 927 721 993 ίδία
743 931 792 992 καί
812 923 849 991 τό
872 926 921 1003 ὃν,
941 926 975 992 τό
997 930 1051 1010 μέν
1068 922 1175 1011 ἡγοόοε·

114 1063 181 1116 νον,
209 1033 300 1102 τόδὲ
326 1034 469 1122 ἑπόμενον
476 1085 485 1115 ,
516 1036 557 1100 δι’
587 1036 760 1121 ἑτερότητος
788 1035 839 1102 ἀπ’
868 1036 1008 1120 άλλὴλων
1031 1033 1176 1101 διαστάντα
1230 1090 1232 1095 .

115 1172 176 1229 πη,
208 1136 282 1209 ὥστε
307 1139 368 1208 άπό
396 1148 456 1209 τοῦ
480 1141 773 1229 δημιουργικοῦ
795 1146 866 1209 νοῦ
891 1141 990 1209 πάντα
1012 1141 1100 1218 όντος
1118 1142 1175 1223 ὁμοῦ
1230 1142 1232 1153 ’

114 1249 232 1334 πρόεισι
259 1249 294 1315 τό
319 1275 352 1316 τε
373 1248 572 1333 σωματοειδὲς
592 1245 673 1315 άπαν
692 1252 743 1315 καί
763 1250 783 1334 ἡ
812 1247 895 1334 ψνχὴ
918 1249 1014 1332 τούτῳ
1036 1249 1177 1333 έπογονμί·

113 1387 165 1444 νη,
193 1359 244 1424 κοί
265 1362 311 1424 ἔτι
331 1358 425 1453 ταύτῃ
448 1358 464 1421 ὃ
486 1358 556 1432 νοῦς
577 1361 747 1444 ἐπιβαίνων.
813 1439 814 1442 ¹

198 1474 237 1533 Εἰ
258 1466 291 1533 δὲ
311 1468 377 1531 κατ’
397 1471 499 1531 αἰτίαν
519 1468 551 1529 έν
572 1469 613 1549 τῷ
634 1465 808 1551 δημιουργῷ
829 1463 867 1530 τά
893 1473 981 1549 τρία,
1010 1472 1040 1531 τί
1060 1463 1120 1548 οἷιγί
1138 1462 1175 1526 καί

114 1583 148 1642 έν
177 1580 220 1661 τῷ
245 1575 383 1659 ἡνωμένῳ
410 1568 446 1637 τό
473 1579 505 1638 έν
533 1576 584 1638 καὶ
610 1572 645 1638 τό
675 1570 728 1652 όν,
763 1574 800 1650 οὐ
831 1575 1040 1660 διωρισμέναις
1068 1577 1176 1647 αἰτίοις,Ι

114 1683 198 1749 οὕτω
220 1680 277 1768 γάρ
299 1687 359 1747 ἐκεῖ
376 1677 546 1765 διορισμός,
575 1679 653 1747 ἀλλά
674 1685 751 1747 κατά
770 1689 841 1765 μίαν
861 1682 971 1766 ἇμφοίν
991 1681 1113 1764 αἰτιάδη
1133 1677 1176 1744 τοι]

113 1795 268 1877 ἡνωμένον
294 1790 334 1864 ὡς
354 1788 484 1874 άληθῶς
504 1783 652 1876 ὕπαρξιν,
679 1781 756 1856 ὥστε
785 1787 917 1856 συνελών
937 1792 1055 1868 ἀξιώσω
1080 1787 1112 1857 τό
1135 1787 1176 1872 μίν
1220 1828 1224 1837 -

113 1897 190 1966 κατά
211 1899 334 1977 ἔνδειξιν
355 1905 387 1964 ἕν
407 1901 579 1981 εἰρημένον,
611 1897 680 1963 οὐδὲ
700 1905 733 1963 έν
757 1899 833 1965 εἶναι
858 1929 894 1996 τη
920 1900 1070 1986 ἀληθείᾳ·
1101 1895 1134 1966 τά
1150 1897 1175 1962 δὲ
1224 1882 1227 1889 ¹

76 2024 78 2028 '
112 2010 177 2094 μετ’
207 2012 300 2072 έκεῖνο
329 2006 431 2072 πολλά
455 2009 594 2091 ῥηθέντα
619 2004 697 2072 κατά
718 2006 859 2087 ένδειξιν,
891 2007 1091 2094 μεσότητα
1111 2006 1175 2072 εἶναι

113 2119 163 2182 καί
185 2115 249 2181 οἷον
269 2113 476 2199 προποδισμόν
497 2119 612 2181 ἐκείνου
634 2112 709 2201 πρὸς
729 2111 763 2180 τό
775 2117 926 2201 ἡνωμένον
938 2121 991 2183 καί
1012 2113 1116 2198 ὕφεσιν
1130 2118 1175 2198 τὴς

112 2221 235 2309 πρώτης
260 2223 353 2310 ἀρχῆς
382 2227 411 2299 ἒς
437 2221 491 2308 τὴν
508 2230 565 2308 τῆς.
582 2229 683 2309 τρίτης
701 2223 885 2289 ὑπόστασιν·
912 2223 948 2291 τό
968 2226 1002 2291 δέ
1023 2224 1112 2310 άκρον
1128 2223 1175 2288 τοῦ

112 2335 267 2418 ἡνωμένον
281 2330 336 2418 τὴν
347 2340 449 2419 τρίτην
464 2333 540 2399 εἶναι
560 2329 675 2418 ταύτην
696 2330 803 2418 άρχὴν,
827 2329 862 2398 τό
879 2335 1033 2419 ἡνωμένον
1054 2326 1142 2400 οὖσαν
1152 2333 1175 2408 ²)

111 2444 167 2506 τοῦ
187 2437 302 2516 παντός
314 2434 483 2524 ἡνωμένον.
521 2437 614 2506 Μετὰ
642 2435 698 2524 γάρ
725 2434 818 2522 αὐτὴν
837 2435 872 2503 τό
892 2438 1112 2525 διακρινόμενον
1129 2437 1175 2505 οὐ·

112 2554 166 2615 τοῦ
193 2551 245 2615 καί
275 2543 349 2614 δίον
383 2550 433 2611 καί
458 2549 554 2632 μερῶν
583 2545 623 2620 ὦς
648 2546 801 2630 ἡνωμένον
829 2548 1013 2629 ἒμφοτικόν,
1039 2551 1079 2624 οἷς
1099 2553 1125 2616 εί
1139 2572 1176 2622 τις

111 2657 202 2722 ὠδῖνα
224 2662 299 2740 φαίη
321 2658 376 2738 τὴς
396 2657 452 2720 τοῦ
471 2653 622 2739 ἡνωμένον
645 2652 818 2737 διακρίσεως
839 2657 889 2719 καί
912 2656 977 2721 οἷον
997 2652 1175 2740 παρασκευὴν

110 2765 214 2850 αὗτὴς.

190 2867 284 2936 Μετά
308 2870 341 2934 δὲ
360 2867 415 2952 τὴν
435 2869 586 2952 μεσότητα
607 2867 719 2954 ταύτην
739 2868 760 2956 ἡ
782 2871 871 2956 βάσις
890 2872 953 2936 έστί
974 2876 1033 2937 τοῦ
1052 2871 1174 2957 νοητοί
1208 2892 1219 2945 j

82 2984 161 3047 ’καί
188 2976 224 3045 τό
244 2977 464 3061 διακεκριμένον
489 2979 543 3061 τὴς
563 2975 715 3062 ἡνωμένης
736 2978 868 3061 φύσεως·
889 2976 937 3044 διό
959 2983 1010 3046 καὶ
1031 2979 1068 3046 τά
1090 2981 1173 3052 ὁπως·

110 3092 167 3155 οὖν
188 3091 250 3153 ἐκεῖ
273 3085 437 3150 διαστάντα
458 3083 606 3168 ἡνωμένα,
628 3089 678 3151 καί
699 3089 795 3151 ἐκεῖνά
812 3095 892 3155 ἐστιν
913 3088 968 3156 οὐκ
989 3089 1173 3170 ἀπολειπομέ-

110 3223 166 3265 νον
187 3199 253 3259 κατ’
276 3191 365 3258 οὐδὲν
392 3194 453 3257 τοῖιν
474 3189 649 3274 τμημάτων,
675 3192 744 3260 οὔτε
764 3199 819 3259 τοῦ
840 3192 906 3270 ἑνός
930 3193 1001 3262 οὕτε
1019 3201 1073 3263 τοῦ
1094 3193 1174 3270 ὄντος,

109 3307 148 3382 ὡς
173 3304 266 3389 φησίν
294 3298 583 3378 όΠλάτωνος3)
605 3301 875 3387 Παρμενίδης,
905 3306 955 3369 καί
974 3302 1047 3370 οὔτε
1066 3309 1174 3392 θεωρη·
1222 3304 1232 3403 ἡ

108 3417 176 3480 τέον
197 3410 249 3477 τόν
268 3406 378 3495 νοητόν
398 3411 485 3487 νοῦν,
512 3408 733 3497 διακεκριμένον
753 3412 867 3493 νοητοῖς
889 3403 905 3476 ’ό
928 3417 1025 3493 ἐστιν,
1046 3419 1089 3489 είς
1107 3413 1169 3501 ἡνω·
1228 3408 1232 3469 ί

108 3524 184 3608 μένα
191 3550 204 3600 ,·
227 3517 263 3583 οὐ
286 3515 345 3603 μὴν
365 3520 409 3592 είς
431 3514 509 3608 εἴδη,
531 3513 617 3602 πλὴν·
632 3523 658 3582 εί
678 3517 719 3602 μὴ
741 3513 780 3581 τά
802 3518 938 3602 ένώματα
959 3520 1175 3606 παραδείγματα
1230 3522 1232 3533 ’

49 3663 51 3666 ⁴
107 3638 190 3694 ποιεί
210 3628 267 3690 τῶν
288 3622 447 3707 είδητικων
466 3618 726 3707 παραδειγμάτων.
760 3626 863 3688 Τοῦτο
884 3624 938 3707 μὲν
959 3614 1017 3691 οὖν
1037 3617 1094 3691 ὧδε
1111 3627 1176 3710 έγαν
1228 3602 1232 3619 ⁴

106 3738 302 3821 ὑπονοητέον.

181 3837 249 3911 ’Ότι
272 3842 303 3906 δὲ
327 3843 431 3922 σαφῶς
459 3839 548 3904 καίὸ
577 3836 743 3905 Πλάτων
771 3836 886 3923 ταύτην
907 3840 1011 3929 ἀγαπᾷ
1033 3842 1085 3927 τὴν
1106 3837 1175 3906 ὑπό·

174 4016 202 4078 ²)
222 4009 295 4061 Idem
313 4004 384 4059 οὖσα.

175 4082 203 4146 ³)
224 4081 296 4131 Mon.
318 4076 331 4129 ὅ
350 4076 464 4129 Πλάτων
484 4075 497 4127 ὅ
516 4080 607 4145 Παρμ.
626 4079 668 4128 καί
688 4073 754 4126 οὕτω
774 4077 856 4142 θεωρ.
